1946 3344
780 200 1028 236 APPENDIX
1586 200 1606 240 1
1614 199 1669 240 29

141 300 253 335 Anal.
277 299 335 334 Pl.
351 310 391 343 p.
414 300 495 333 175.
515 300 596 333 180.
620 300 703 341 197,
728 298 775 333 al.
802 318 846 322 —
880 297 920 332 V.
938 300 1006 332 815
1034 295 1229 342 serpiculis
1254 296 1415 331 Pareus:
1441 295 1485 338 cf.
1508 295 1674 340 Scaliyer

139 354 181 388 in
207 352 375 396 Gonieet„
400 351 654 386 Fleckeisenus
679 362 732 396 ep.
759 362 806 386 cr.
829 363 868 396 p.
903 350 1036 386 VIIII.
1051 391 1061 400 ι

235 409 313 441 819.
354 405 466 450 duplo
501 405 668 439 Botlu'us.
713 404 866 448 duplam
896 415 972 440 non
1001 405 1128 440 melius
1154 405 1240 439 aliis
1265 404 1335 447 def.
1362 403 1493 439 Eleius
1540 403 1671 437 duram

89 477 95 482 ¹
140 459 340 505 Geppertus
365 461 411 502 (et
436 460 610 493 exsecant
629 468 700 502 pro
726 458 896 501 locanes).
924 458 1076 493 dubiam
1103 460 1143 502 (Ι)
1175 457 1376 502 Vssinyius.

146 546 150 548 ,
235 516 313 547 823.
339 512 402 546 1116
427 511 544 545 habet
569 512 720 555 quidem
746 511 903 557 Pylades
936 512 1058 556 (etiam
1083 513 1125 546 in
1144 511 1181 545 B
1203 523 1248 546 m.
1272 511 1435 556 Camer.).
1468 510 1530 545 1116
1555 510 1672 545 habet

140 566 359 611 Geppertus:
385 568 424 599 at
449 565 494 608 cf.
523 564 778 599 Fleckeisenus
802 576 853 610 ep.
881 576 928 600 er.
950 576 990 610 p.
1018 566 1155 609 XXII,
1180 565 1362 600 Luchsius
1385 565 1430 600 de
1454 576 1532 609 9en.
1556 576 1592 609 p.
1620 568 1672 599 26

140 624 173 654 et
199 620 389 655 Comment.
412 620 558 664 prosocl.
585 619 637 653 II
650 630 689 663 p.
718 621 760 652 11
776 629 826 662 sq.
852 621 910 653 13.
942 618 1032 654 Vide
1057 620 1106 654 ad
1130 631 1161 654 v.
1188 621 1270 653 811.

235 675 315 707 824.
343 672 413 707 sibi
440 672 559 707 fecere
581 671 705 706 Aetoli
730 671 828 706 hunc
848 672 1015 707 Bothius.
1042 672 1140 706 huuc
1160 671 1286 707 Aetoli
1312 671 1386 706 sibi
1404 672 1524 707 fecere
1542 670 1582 706 F
1584 671 1671 707 leck-

140 728 289 762 eisenus.
313 726 476 761 Ceterum
494 737 526 763 v.
542 729 611 761 826
637 725 791 769 Tantus,
815 725 939 761 uentri
965 727 1193 761 commeatus
1218 736 1315 766 meo,
1342 725 1449 760 adest
1473 726 1672 770 (listinyue-

143 781 204 816 bat
232 781 448 816 Gronovius.

236 837 315 869 828.
363 834 442 877 Quo
478 844 540 869 ms.
574 834 708 878 Lana,
743 834 828 868 alii:
862 845 974 878 neque
1009 833 1079 875 Qui
1114 834 1166 868 sie
1200 833 1366 867 adhiberi
1393 843 1499 878 posse
1533 834 1673 867 clemon-

139 892 307 923 strarunt
327 887 592 923 W'iclwnannus
619 887 908 932 Kieniteiusque,
933 898 1033 932 quem
1060 887 1105 930 ef.
1133 887 1175 922 cle
1201 895 1271 927 QVI
1297 887 1360 922 loc.
1381 887 1473 921 mod.
1500 887 1553 921 ed.
1568 885 1672 932 Lips.

140 953 173 976 a.
201 943 296 976 1879
322 941 476 986 (Annal.
496 941 589 985 phil.
615 941 734 986 suppl.
762 941 816 985 X)
841 952 877 985 p.
906 943 978 976 532
991 952 1039 986 sq.
1078 961 1121 965 —
1162 940 1258 982 Quoi
1285 940 1479 975 hominum
1503 940 1673 985 Pylades.

141 994 213 1036 Qui
238 994 388 1029 homine
413 993 608 1028 hominum
638 993 880 1029 Camerarius.
913 993 1061 1029 Servato
1088 991 1159 1034 Qui
1183 991 1334 1028 homine
1362 993 1541 1028 Gruterus
1566 1004 1674 1028 nemo

141 1059 269 1092 nemo,
307 1048 523 1093 Spenyelz'us
560 1058 670 1083 nemo
697 1048 912 1092 quisquam,
951 1046 1108 1082 Guietus
1139 1046 1237 1080 uiuit
1260 1047 1391 1082 hodie:
1422 1050 1562 1090 recepto
1596 1046 1675 1088 Quo

141 1101 291 1137 homine
317 1102 558 1146 Kellerhosius
584 1102 606 1137 Z.
632 1112 659 1136 s.
686 1113 713 1137 s.
735 1113 774 1147 p.
802 1105 851 1136 80
877 1100 971 1135 alter
996 1099 1223 1134 fortunatior
1247 1101 1475 1146 supplebant.

237 1158 317 1190 830.
343 1154 443 1190 Heus
469 1156 534 1190 ubi
560 1155 674 1190 estis?
700 1155 792 1190 heus
818 1154 883 1189 ubi
909 1153 999 1188 estis
1029 1153 1222 1197 Gruterus,
1245 1165 1321 1189 non
1346 1155 1456 1189 male:
1481 1154 1527 1196 ef.
1542 1153 1674 1189 Pseud.

70 1227 73 1229 ·
139 1220 171 1244 v.
198 1212 304 1245 1136.
356 1209 456 1244 Η6113
487 1210 676 1255 duplicato
701 1220 773 1244 sen.
799 1209 884 1252 fecit
909 1207 1086 1242 Bothius³
1125 1208 1204 1251 (om.
1232 1208 1327 1253 hoc).
1355 1207 1517 1242 Pultabo
1555 1207 1675 1242 aedis:

139 1261 232 1297 heus
257 1261 323 1297 ubi
349 1263 438 1298 estis
465 1263 723 1298 Fleckeisenus
755 1260 880 1308 (ecqui
910 1261 1004 1295 idem
1029 1272 1082 1305 ep.
1110 1271 1158 1295 er.
1180 1272 1221 1305 p.
1249 1261 1343 1296 XX:
1371 1261 1416 1304 ef.
1445 1261 1493 1295 acl
1515 1271 1546 1296 υ.
1575 1261 1675 1303 458).

237 1320 316 1351 831.
344 1327 382 1351 36
409 1316 457 1351 ad
481 1327 541 1351 me
567 1320 651 1351 ante
676 1315 724 1350 ad
750 1326 879 1351 cenam
909 1313 1164 1349 Fleckeisenus
1189 1325 1242 1359 ep.
1263 1315 1342 1349 crit.
1360 1325 1402 1359 p.
1424 1314 1569 1349 XXII.
1597 1324 1677 1348 sese

141 1369 188 1403 ad
214 1380 273 1404 me
299 1369 499 1404 Muellerus
523 1369 632 1404 Pros.
656 1380 692 1413 p.
709 1371 792 1404 646.
821 1378 860 1402 36
886 1366 935 1401 ad
960 1367 1047 1402 med
1072 1366 1126 1403 ἓ.
1152 1368 1211 1403 De
1236 1368 1297 1402 uel
1323 1368 1536 1403 assultatim
1561 1368 1677 1411 serip-

140 1426 244 1458 turae
270 1424 411 1468 oriyine
435 1435 466 1459 υ.
495 1426 562 1458 832
596 1424 672 1458 iam
697 1422 878 1457 Gruterus
908 1425 1000 1456 recte
1030 1422 1229 1456 iudicavit:
1261 1422 1354 1457 adde
1385 1423 1436 1456 sis
1461 1421 1678 1465 Lanyenum

143 1476 288 1510 ‘Beitrz’
318 1488 357 1521 p.
386 1479 432 1511 75
447 1487 497 1521 sq.
524 1475 637 1512 affero
658 1476 824 1520 praefert
848 1474 1105 1510 Fleckeisenus
1130 1485 1268 1520 quoque
1303 1486 1355 1520 ep.
1388 1485 1438 1509 cr.
1467 1486 1503 1518 p.
1538 1474 1677 1509 XXII.

141 1530 303 1565 Dubitat
329 1531 464 1565 Caesar
489 1531 532 1565 de
556 1530 614 1564 Pl.
642 1541 742 1564 mem.
769 1541 829 1573 ap.
855 1528 954 1564 Non.
980 1529 1033 1563 ed.
1060 1528 1252 1573 Aryentor.
1279 1540 1312 1563 a.
1341 1530 1440 1563 1886
1460 1539 1500 1572 p.
1521 1529 1584 1563 25.

237 1587 317 1618 833.
354 1583 476 1618 Lubet
506 1583 605 1616 hunc
630 1581 820 1616 hominem
853 1581 1028 1625 conloqui
1053 1581 1253 1616 Bentleius.
1286 1581 1464 1616 Perlubet
1488 1580 1677 1616 hominem

143 1637 317 1680 conloqui
341 1636 440 1671 hunc
465 1636 636 1671 Bosseha.
663 1634 840 1669 Perlubet
865 1633 964 1669 hunc
991 1634 1165 1679 conloqui
1188 1634 1378 1669 hominem
1406 1635 1453 1678 (et
1473 1633 1545 1676 Qui
1564 1633 1679 1679 Erga-

142 1688 266 1734 silum)
277 1689 540 1725 Fleelceisenus
556 1689 734 1724 Perlubet
746 1687 782 1723 h.
798 1688 833 1722 h.
849 1687 952 1722 adire
968 1687 1178 1732 Geppertus.
1201 1688 1348 1723 lambos
1362 1688 1510 1732 aynovit
1524 1687 1677 1733 Seyffer-

141 1747 200 1778 tus
231 1743 364 1780 Philol.
397 1742 520 1778 XXV
535 1753 574 1787 p.
601 1744 674 1777 454
687 1752 736 1787 sq.
774 1742 916 1784 frustra
954 1741 1161 1786 obloquente
1202 1742 1382 1776 Muellero
1420 1741 1520 1776 Pros.
1554 1752 1590 1785 p.
1619 1743 1666 1776 64

144 1800 229 1832 192.
259 1818 301 1821 -
329 1796 411 1841 quis
436 1797 548 1831 uocat
573 1795 733 1830 Brioeius
759 1795 856 1829 olim.

237 1853 307 1885 834
315 1861 364 1895 sq.
385 1849 544 1895 Respice
557 1859 628 1883 me.
644 1847 744 1892 [TRq.
755 1847 934 1883 t.n.f.n.f.
949 1847 1019 1883 hoc
1034 1847 1094 1883 Me
1107 1847 1221 1883 iubes.
1245 1848 1317 1883 Sed
1329 1848 1411 1893 quis
1424 1848 1490 1882 tu‘?
1505 1847 1677 1892 Respice:

142 1903 263 1948 Hegio
289 1903 469 1946 Bosscha,
495 1903 560 1938 ubi
586 1903 658 1938 Sed
683 1902 726 1937 tu
751 1902 814 1947 qui
840 1912 878 1936 es
899 1901 1089 1945 praeierat
1116 1902 1286 1947 Pylades.
1320 1901 1478 1946 Respice
1504 1912 1574 1936 me.
1603 1902 1620 1939 ῐΓ
1639 1901 1678 1936 F.

141 1956 212 1991 tibi
238 1956 338 2001 quod.
363 1967 431 1992 nec
449 1956 564 1992 faciet
589 1966 657 1991 nec
681 1967 780 1991 nuuc
806 1955 898 1990 facit
922 1954 1003 1989 Hoc
1028 1965 1088 1989 me
1113 1954 1237 1990 iubes:
1265 1955 1330 1989 sed
1356 1955 1482 1998 quiet?
1510 1957 1526 1990 ss·
1550 1954 1678 1999 Respi-

143 2009 275 2044 cedum
301 2010 348 2045 ad
373 2020 448 2045 me:
474 2010 595 2055 Hegio
622 2009 890 2045 Fleckeisenus.
941 2008 1100 2053 Respice
1125 2009 1206 2045 hoc.
1254 2008 1454 2043 H’Fortuna
1486 2007 1585 2051 quod
1612 2018 1679 2042 nec

143 2063 233 2098 facit
258 2075 326 2098 nec
357 2063 472 2099 faciet
503 2063 563 2097 1116
593 2061 700 2098 iubes
727 2063 930 2097 Muellerus
955 2062 978 2096 l.
1005 2072 1032 2096 3.
1058 2073 1085 2096 3.
1137 2062 1190 2096 Ec
1215 2063 1354 2097 iambos
1387 2066 1419 2097 et
1445 2062 1591 2096 creticos
1617 2072 1678 2105 ag]-

144 2117 244 2151 novit
268 2116 468 2163 Seyffertus
494 2117 515 2151 l.
542 2126 568 2152 s.
595 2126 623 2150 s.
663 2114 717 2158 Of.
745 2115 960 2159 Kaempfius
987 2115 1008 2149 l.
1035 2126 1062 2149 s.
1089 2126 1116 2150 s.
1141 2127 1178 2160 p.
1206 2118 1262 2150 34.

238 2171 307 2203 836
321 2180 370 2214 sq.
418 2169 450 2203 T
450 2169 636 2205 rochaicos
666 2169 752 2212 feeit
782 2168 1062 2203 Lindemannus
1100 2171 1252 2213 optume
1285 2170 1340 2212 (tu
1374 2167 1513 2213 optime
1552 2168 1679 2204 Fleck-

143 2223 296 2267 eisenus)
317 2224 555 2267 optumorum
573 2222 732 2257 scribens
745 2222 830 2266 (quo
843 2225 980 2266 recepto
999 2223 1084 2257 olim
1100 2222 1259 2257 Brioeius
1274 2234 1341 2267 per
1361 2222 1548 2256 aduenisti
1571 2223 1678 2257 iamb.

143 2279 274 2320 septen.
307 2277 508 2321 constituit)
540 2279 572 2311 et
604 2275 852 2319 Nescioquem
879 2274 1141 2320 (Nescioquem
1174 2276 1215 2310 tu
1240 2276 1417 2320 Bosselza)
1451 2275 1500 2310 ad
1532 2277 1679 2320 portum

143 2328 299 2364 nactu’s.
357 2329 514 2365 Cretieos
548 2330 778 2364 continuavit
813 2328 1011 2374 Seyffertus
1043 2330 1064 2364 l.
1098 2341 1125 2365 s.
1158 2340 1185 2365 s.
1219 2330 1282 2374 (ef.
1315 2340 1406 2364 cens.
1433 2341 1473 2373 p.
1507 2331 1603 2364 1350
1614 2329 1680 2373 sq.)

143 2383 188 2417 ab
210 2381 374 2417 Aduenis
398 2393 529 2418 novum
548 2394 579 2418 v.
600 2382 794 2426 incipienS,
818 2382 901 2417 item
927 2383 1084 2418 admisso
1111 2383 1370 2427 Nescioquem.
1409 2382 1447 2417 V.
1476 2386 1542 2417 837
1570 2383 1679 2417 iamb.

144 2439 276 2480 septen.
310 2446 505 2480 agnoscens
535 2447 686 2471 mono-m.
714 2446 825 2480 anap.
851 2439 884 2470 et
908 2436 993 2470 clim.
1021 2440 1103 2472 eret.
1131 2448 1212 2472 cum
1233 2438 1409 2481 penthem.
1438 2437 1546 2472 troeh.
1572 2447 1679 2481 prae-

147 2489 242 2524 mitti
253 2489 369 2524 voluit
383 2488 652 2524 Studemundus
666 2488 823 2522 Hermae
836 2492 860 2523 t.
872 2488 931 2522 VI
934 2500 972 2534 p.
989 2493 1080 2533 268,
1106 2491 1172 2525 ubi
1191 2502 1260 2535 per
1279 2489 1390 2525 homo
1406 2490 1556 2535 optume
1572 2491 1678 2534 optu-

146 2553 292 2577 morum
312 2542 514 2587 Geppertus
538 2546 615 2578 tetr.
643 2542 767 2585 tmoli„
786 2542 998 2586 §Panaenus
1017 2544 1109 2578 male
1128 2544 1239 2579 deleto
1258 2543 1413 2578 aduenis
1433 2547 1571 2577 tetram.
1598 2545 1679 2577 eret.

144 2596 247 2639 fecit,
273 2607 341 2641 per
366 2599 559 2641 optumum
592 2597 743 2641 optume
783 2596 821 2630 in
847 2595 927 2640 ipso
954 2597 981 2630 t.
1004 2607 1034 2631 a.
1055 2601 1189 2641 septen.
1216 2598 1326 2632 iamb.
1356 2597 1546 2631 Abraham
1573 2595 1677 2629 Stud.

148 2649 207 2683 Pl.
234 2649 286 2684 ed.
313 2660 345 2684 a.
372 2652 468 2684 1884
493 2650 647 2695 (Annal.
674 2650 766 2694 phil.
793 2650 911 2694 suppl.
940 2650 1062 2695 XIV)
1085 2661 1123 2695 p.
1150 2653 1226 2685 202
1252 2653 1318 2685 aut
1342 2650 1408 2684 hoe
1433 2651 1497 2683 aut
1522 2648 1680 2691 temperi

146 2713 190 2736 ex
221 2713 291 2737 usu
315 2704 520 2748 postulans.
572 2702 644 2738 Sed
674 2713 749 2737 non
781 2703 904 2738 minus
937 2705 1154 2747 quantumst
1185 2704 1378 2738 hominum
1413 2702 1682 2747 optum(or)um

148 2756 300 2799 optume
334 2756 572 2801 coniungitur
603 2759 731 2791 contra
762 2767 885 2792 usum:
917 2757 1013 2792 uncle
1044 2758 1198 2792 alterum
1223 2762 1347 2792 utrum
1378 2755 1565 2790 delendum
1592 2757 1679 2788 erat.

150 2802 287 2838 Contra
320 2804 517 2838 sanissima
550 2802 643 2838 mihi
677 2808 710 2838 et
743 2804 782 2838 in
816 2806 982 2849 tempore
1014 2833 1117 2840 .....
1147 2816 1189 2839 eo
1225 2803 1372 2838 fastidis
1409 2803 1495 2847 (ubi
1531 2801 1681 2836 fastidis

148 2856 402 2892 Fleckeisenus
427 2861 639 2902 corruptum
671 2857 837 2901 habebat)
873 2858 1016 2892 seclusit
1048 2857 1242 2903 Vssinyius
1273 2868 1316 2891 ea:
1348 2855 1514 2899 reliquiis
1539 2856 1681 2897 foedum

147 2914 276 2954 septen.
292 2911 402 2945 troeh.
422 2910 591 2954 efficiens.
618 2914 786 2954 tempore
813 2912 966 2955 optumo
993 2910 1147 2945 aduenis
1175 2909 1328 2943 Guietus
1354 2908 1430 2952 (qui
1449 2908 1515 2943 del.
1536 2909 1681 2951 v.837).

243 2965 322 2997 840.
368 2962 441 2997 Pro
477 2963 564 2998 Noli
595 2962 747 2998 irascier
778 2963 975 2999 Acidalius
1001 2964 1086 2998 Div.
1112 2974 1148 3006 2).
1177 2964 1225 2996 98
1237 2972 1286 3005 sq.
1337 2960 1422 2994 Non
1452 2959 1544 2995 itast
1575 2960 1683 3003 36163,

226 3027 352 3053 PnAv'u
372 3028 510 3054 CAP'nvx
1377 3023 1396 3053 9
