1946 3344
788 230 1063 266 PRAEFATIO
1592 228 1695 263 XVII

174 341 340 382 lissima
385 341 489 381 adeo
536 340 753 394 mancipia
796 340 1039 394 coquebant
1075 354 1153 381 nec
1198 342 1343 380 tamen
1392 339 1516 393 coqui
1560 337 1699 379 audie-

174 410 352 468 bant*>,
395 413 548 466 utpote
588 411 660 465 qui
698 425 786 452 non
829 413 918 451 tam
957 425 1007 451 ex
1051 413 1143 452 arte
1186 425 1314 465 quam
1358 424 1409 450 ex
1452 424 1531 451 usu
1577 408 1700 450 cotti-

177 483 304 524 diano
344 482 530 524 culinam
575 481 938 523 administrarent.
998 481 1091 522 Iam
1125 481 1309 531 accedit,
1354 480 1469 535 quod
1499 480 1608 521 illud
1650 480 1701 520 de

176 553 365 595 Hierone
408 556 615 608 regnante
658 552 893 607 Posidippo
926 552 1145 604 convenit,
1189 567 1275 593 non
1320 552 1522 594 convenit
1555 550 1702 605 pleris-

176 638 256 678 que
302 623 416 677 aliis,
460 637 565 678 quos
612 623 786 664 comicis
826 623 992 664 Latinis
1039 625 1232 664 auctores
1271 622 1402 664 fuisse
1447 622 1701 677 praecipuos

177 695 373 737 sciamus.

295 765 390 808 Iam
420 766 516 820 ipsa
547 766 659 808 ratio
694 781 777 820 qua
809 768 1111 820 argumentum
1153 763 1544 819 lepidissimumssssl
1578 764 1703 805 Plau-

177 841 246 879 tus
290 852 342 878 ex
380 851 535 892 graeco
574 836 811 891 exemplari
848 851 936 878 non
976 837 1066 877 sine
1106 836 1234 877 solita
1271 835 1470 877 libertate
1508 835 1703 876 traduxit

179 923 275 951 cum
314 909 584 951 saeculorum
623 908 902 963 gentiumque
938 907 1094 961 plausu
1133 922 1181 948 ac
1219 909 1425 961 perpetua
1465 906 1705 947 imitatione

179 980 362 1035 probata
406 979 557 1033 fuerit,
599 979 681 1020 hac
718 978 812 1032 ipsa
851 980 992 1018 aetate
1030 978 1144 1019 haud
1188 992 1348 1031 paucos
1394 978 1707 1032 vituperatores

180 1051 364 1106 invenit,
406 1050 536 1092 nimis
582 1063 709 1104 saepe
755 1048 865 1090 serio
914 1048 1253 1102 considerantes,
1292 1062 1399 1102 quae
1444 1048 1568 1090 facile
1614 1062 1710 1090 con-

181 1122 388 1165 ceduntur
438 1124 513 1163 aut
563 1120 767 1163 scaenicis
822 1120 1065 1161 rationibus
1079 1118 1176 1162 ²⁸<³³⁴5&
1228 1122 1304 1161 aut
1352 1119 1531 1161 ioculari
1582 1120 1709 1161 licen-

181 1252 230 1285 ist
255 1251 520 1286 (ilconomz'scher
547 1248 711 1295 [scilicet
730 1250 773 1283 ut
792 1247 970 1284 amatoris
996 1248 1177 1293 pecuniae
1203 1248 1368 1293 parcatl]
1396 1249 1474 1283 und
1499 1251 1585 1282 setzt
1610 1248 1713 1282 einen

183 1304 341 1339 Sklawn
366 1305 455 1339 iiber
480 1304 538 1338 die
563 1303 717 1338 Kv‘iche’.
771 1302 867 1344 Quin
898 1301 1012 1337 immo
1044 1302 1115 1337 hoc
1147 1302 1219 1347 ipsi
1250 1301 1383 1336 Plauto
1416 1302 1548 1335 tribuit
1582 1301 1714 1335 immu-

186 1357 302 1392 tanti:
329 1359 369 1391 at
395 1357 442 1392 cf.
469 1357 552 1391 adn.
580 1367 632 1400 sq.

304 1410 338 1454 3)
363 1409 496 1453 Itaque
517 1409 677 1444 Cuamus
697 1409 736 1443 in
757 1408 981 1444 Truculento
1003 1408 1173 1452 quamvis
1201 1409 1252 1442 ‘in
1274 1408 1397 1443 culina
1426 1408 1559 1442 clueat'
1581 1419 1613 1441 V.
1636 1411 1714 1441 615.

185 1468 250 1499 627
267 1475 319 1507 sq.
337 1484 380 1488 —
398 1461 574 1497 nimirum
596 1461 756 1497 bellator
775 1474 864 1497 veru
885 1465 1113 1497 exarmatus!
1129 1482 1173 1487 ——
1188 1470 1339 1496 SERVVS
1360 1462 1428 1504 est,
1455 1471 1528 1495 non
1547 1469 1714 1500 coovvs:

185 1518 223 1552 id
250 1517 350 1561 quod
374 1518 528 1561 propter
564 1516 785 1551 Lorenzium
817 1526 950 1550 moneo
984 1515 1105 1560 (phil.
1132 1515 1240 1550 Anz.'
1269 1514 1337 1548 VII
1362 1527 1395 1559 p.
1423 1518 1490 1548 306
1506 1514 1574 1557 sq.)
1606 1513 1715 1548 alios-

188 1582 278 1614 que,
305 1570 368 1614 qui
395 1572 433 1605 et
458 1570 528 1604 hoc
555 1569 765 1614 exemplum
790 1579 984 1614 perperam
1013 1570 1142 1603 contra
1166 1568 1422 1612 Ladewigium
1448 1567 1655 1602 attulerunt
1680 1569 1717 1601 et

190 1624 268 1658 sine
293 1623 428 1657 idoneo
455 1625 673 1668 argumento
701 1632 839 1666 coquos
866 1622 903 1656 in
931 1621 1151 1657 Curculione
1179 1623 1216 1656 et
1241 1621 1280 1656 in
1307 1620 1427 1656 Milite
1454 1620 1617 1665 glorioso
1644 1631 1716 1654 ser-

186 1688 253 1712 vos
275 1676 500 1711 domesticos
521 1686 601 1711 esse
625 1676 904 1710 contenderunt.
956 1675 1072 1710 Paulo
1095 1675 1204 1710 aliter
1224 1686 1282 1709 res
1307 1674 1423 1709 habet
1448 1674 1485 1708 in
1512 1671 1717 1715 Aulularia,

189 1731 252 1765 ubi
266 1742 299 1766 v,
321 1733 388 1764 309
405 1729 516 1773 coqui
536 1741 572 1764 se
602 1739 726 1764 servos
747 1740 827 1763 esse
849 1728 1069 1774 significant.
1121 1730 1170 1763 At
1195 1727 1310 1762 iidem
1337 1728 1464 1772 aperte
1492 1725 1719 1761 conducticii

189 1786 274 1818 sunt
309 1784 354 1818 de
393 1784 473 1817 foro
511 1783 558 1827 (v.
586 1786 654 1817 280
670 1783 755 1826 sq.):
791 1782 887 1816 unde
919 1782 1027 1827 patet
1062 1780 1173 1825 coqui
1198 1781 1389 1816 cuiusdam
1416 1779 1605 1814 ministros
1633 1778 1718 1813 illos

189 1847 281 1880 esse,
309 1835 460 1880 qualem
486 1834 565 1881 ipse
591 1834 817 1880 Posidippus
854 1834 947 1870 alias
974 1834 1146 1869 exhibuit
1171 1835 1358 1869 dicentem
1384 1831 1462 1867 κατ’
1492 1832 1634 1878 ἀγορὰν
1662 1829 1720 1876 ἐρ-

188 1889 346 1935 γάζομαι
376 1886 553 1935 Ἐπρίατο
587 1888 657 1934 γάρ
695 1902 750 1929 τις
787 1887 984 1933 ὁμότεχνός
1020 1901 1063 1933 με
1100 1888 1291 1933 γνώριμος.
1357 1887 1485 1929 Quode
1520 1888 1622 1922 recte
1660 1898 1719 1922 ex-

189 1943 317 1988 posuit
342 1942 539 1988 Vssingius
573 1942 622 1978 ad
654 1941 779 1977 Aulul.
811 1954 845 1987 p.
873 1946 941 1977 300
956 1954 1008 1986 sq.
1043 1942 1103 1986 (cf.
1131 1941 1358 1976 Ribbeckius
1388 1941 1558 1976 ‘Alazon’
1587 1953 1622 1986 p.
1649 1943 1720 1985 25).

189 1997 293 2032 Adde
319 1996 346 2033 I.
374 1996 597 2032 Muellerum
625 1996 780 2040 ‘griech.
808 1994 1019 2031 Privatalt.'
1048 2008 1084 2040 p.
1114 2000 1181 2029 443
1192 1995 1224 2029 d.
1254 1996 1290 2029 et
1321 1995 1602 2037 Marquardtum
1631 1994 1721 2028 ‘Pri-

191 2049 366 2086 vatleben
393 2050 427 2085 d.
455 2049 606 2085 Romer'
634 2061 670 2094 p.
699 2053 777 2084 146.

312 2103 368 2148 m)
397 2103 504 2146 Quod
539 2114 656 2148 nuper
694 2101 916 2137 Zielinskius
952 2104 1078 2138 noster
1118 2103 1266 2145 Quaest.
1301 2113 1393 2138 com.
1429 2102 1483 2136 ed.
1511 2101 1659 2146 Petrop.
1688 2113 1719 2135 a.

195 2161 282 2193 1887
311 2170 345 2202 p.
375 2161 418 2191 71
434 2168 514 2201 sqq.
548 2156 699 2191 fabulae
731 2157 991 2200 argumentum
1024 2156 1072 2190 ad
1103 2155 1379 2200 paramythium
1407 2155 1592 2199 quoddam
1619 2165 1723 2189 revo-

193 2221 277 2246 care
298 2209 455 2253 studuit,
481 2209 651 2255 argutius
678 2220 791 2253 quam
812 2209 933 2243 verius
959 2208 1170 2254 disputasse
1198 2208 1356 2244 videtur.
1409 2208 1510 2250 Quae
1539 2207 1636 2241 enim
1662 2218 1724 2241 ne-

194 2263 355 2299 cessario
382 2265 448 2298 aut
471 2262 675 2298 resecanda
701 2264 766 2296 aut
784 2262 1020 2297 immutanda
1044 2262 1159 2297 fuisse
1186 2264 1320 2307 poetae
1347 2261 1489 2297 comico
1517 2260 1660 2303 statuit,
1687 2260 1723 2293 in

195 2318 248 2354 eis
274 2317 367 2363 ipsis
391 2315 545 2362 propria
576 2315 633 2350 vis
666 2326 708 2350 ac
742 2317 874 2350 natura.
907 2315 1136 2361 paramythii
1162 2316 1344 2351 consistit.
1396 2315 1536 2357 Quibus
1563 2314 1724 2358 demptis

196 2382 291 2416 quae
317 2371 475 2413 restant,
513 2368 651 2404 rectius
678 2381 721 2404 ex
747 2369 828 2414 ipso
854 2369 954 2404 vitae
982 2381 1050 2404 usu
1075 2368 1264 2414 ipsiusque
1292 2369 1381 2403 artis
1409 2367 1574 2403 comicae
1600 2367 1726 2401 inven-

197 2423 362 2459 tionibus
390 2425 503 2467 atque
529 2421 880 2467 exaggerationibus
908 2423 1134 2457 derivantur.

318 2477 396 2521 ***>
422 2475 537 2510 Velut
561 2476 758 2519 Langenus
787 2475 888 2510 Stud.
917 2475 969 2510 Pl.
1002 2488 1036 2521 p.
1069 2479 1133 2510 149
1168 2475 1376 2520 vituperat,
1409 2475 1506 2518 quod
1534 2471 1726 2507 Menaech-

198 2543 280 2566 mus
307 2529 340 2563 ΙΙ
367 2540 449 2564 cum
476 2528 639 2564 nondum
665 2528 704 2562 in
731 2528 924 2563 tabernam
951 2528 1165 2572 deverterit,
1192 2530 1295 2564 veste
1323 2526 1522 2569 communi,
1549 2537 1622 2560 non
1649 2524 1725 2558 via-

199 2583 299 2620 toria
324 2582 489 2617 incedat:
522 2593 634 2626 quam
667 2581 796 2625 quidni
827 2582 865 2616 in
898 2582 980 2627 ipsa
1005 2582 1089 2616 navi
1116 2583 1259 2616 mutare
1286 2581 1427 2626 potuit,
1462 2581 1663 2621 antequam
1689 2578 1726 2611 iu

199 2638 328 2672 urbem
354 2635 442 2678 iret,
477 2635 591 2670 servis
615 2634 720 2669 illam
746 2634 919 2669 tradens?
951 2633 1055 2669 Idem
1089 2636 1196 2670 notat
1226 2647 1258 2669 v.
1287 2638 1355 2668 230
1372 2645 1448 2677 sqq.
1477 2631 1727 2676 spectatorum

201 2689 326 2736 gratia
344 2688 618 2724 Messenionem
637 2688 829 2731 sciscitari,
856 2688 956 2732 quod
978 2688 1091 2733 probe
1117 2689 1226 2723 sciat:
1254 2699 1326 2731 qua
1346 2686 1520 2721 libertate
1547 2684 1627 2727 quis
1655 2694 1727 2717 non

203 2743 320 2778 utitur
350 2743 464 2788 poeta
495 2741 710 2776 scaenicus?
752 2741 843 2776 Dein
876 2743 991 2785 negat
1023 2754 1057 2786 p.
1087 2745 1153 2776 150
1186 2742 1326 2786 pallam
1361 2738 1499 2772 ‘hodie’
1540 2735 1727 2771 reconcin-

205 2795 286 2832 nari
313 2795 480 2842 potuisse
507 2796 556 2840 (v.
583 2798 651 2830 466
666 2795 754 2839 sq.):
788 2795 887 2838 quod
920 2794 983 2838 qui
1017 2794 1204 2840 promittit
1240 2796 1367 2839 aperte
1394 2791 1581 2825 mentitur.
1634 2788 1728 2823 Dein

204 2861 238 2895 p.
269 2853 334 2884 153
363 2851 507 2894 patrem
534 2847 736 2891 adscitum,
763 2847 931 2892 quamvis
959 2849 1114 2882 moleste
1142 2846 1419 2892 progrediatur,
1448 2843 1636 2877 celerrime
1663 2841 1729 2875 ad-

206 2913 285 2938 esse
312 2902 420 2938 dicit:
447 2900 547 2946 quod
575 2912 657 2936 cum
684 2901 832 2936 omnino
859 2902 979 2936 minus
1007 2903 1137 2937 curent
1161 2901 1314 2944 poetae,
1342 2897 1429 2941 quid
1456 2895 1613 2939 impedit
1639 2906 1728 2939 quo-

206 2956 328 2991 minus
354 2956 392 2990 in
417 2955 586 3000 proxima.
612 2954 748 2989 vicinia
772 2954 878 2988 illum
908 2955 1075 2989 habitare
1101 2958 1309 2989 sumamus?
1349 2951 1373 2984 Ε
1396 2949 1580 2983 contrario
1607 2961 1639 2993 1»-
1663 2952 1726 2982 155

283 3023 403 3047 PLAV'rr
423 3022 632 3046 Min-Ancum.
1424 3010 1446 3044 b
