1946 3344
226 195 313 238 204
867 194 1116 229 APPEND1X
1518 199 1752 232 1043-1069

229 303 337 338 Talia
364 314 444 338 vero
460 307 609 347 propter
628 303 747 348 ipsum
767 302 1057 346 parallelismum
1079 313 1158 338 cum
1179 302 1406 338 Menaechmi
1421 304 1448 338 I
1471 304 1633 339 versibus
1652 306 1751 339 1042

228 359 368 391 —1047
394 356 574 397 confundi
594 359 767 400 poterant
791 356 952 398 facilius.

345 413 445 444 1043.
473 409 508 443 Is
535 409 632 454 quod
660 408 715 444 ait
741 419 780 444 se
805 409 854 444 Ἠ.
909 409 1039 444 Totum
1064 419 1095 443 v.
1118 409 1185 444 del.
1205 408 1386 445 Vahlenus
1399 410 1499 444 ,Mus
1515 409 1631 444 Rhen.
1649 409 1759 445 XVI

219 475 258 507 p.
287 465 369 498 635.
405 483 448 487 —
482 463 538 497 De
568 474 598 496 v.
635 466 726 497 1044
758 464 837 507 (ubi
867 463 988 508 possis
1020 473 1043 496 a
1074 473 1133 496 me
1165 463 1295 497 abetat
1328 462 1424 498 liber
1448 464 1502 498 vel
1528 474 1550 497 a
1575 472 1633 497 me
1659 463 1754 498 liber

223 516 348 561 abeat)
376 517 421 558 cf.
443 516 644 551 Illuellerus
663 516 766 551 Pros.
788 527 827 560 p.
850 518 931 552 737.
955 538 996 542 —
1027 517 1068 552 V.
1098 519 1188 551 1045
1216 527 1303 550 suus
1325 527 1396 562 pro
1422 527 1533 551 sanus
1560 528 1641 551 cum
1666 517 1753 552 Sca-

224 570 334 614 'lz'qero
362 569 599 604 Oasaubonus
625 570 663 604 in
691 570 794 605 Pers.
821 569 899 605 Sat.
936 570 968 604 V
991 573 1050 606 88.

320 668 323 671 μ
344 626 446 657 1046.
474 623 588 658 Hunc
613 635 644 659 v.
672 624 737 658 del.
766 623 975 669 Kayserus:
1001 625 1046 668 cf.
1075 625 1124 659 ad
1149 635 1179 659 v.
1207 626 1313 659 1031.
1368 624 1417 658 At
1443 628 1666 660 contractum
1689 636 1753 669 po-

224 677 298 711 tius
323 687 393 711 esse
418 688 499 711 cum
524 680 674 712 metrum
701 680 776 711 tum
803 677 936 712 mirum
961 678 1056 713 illud
1083 677 1170 722 quid
1198 677 1262 719 sit,
1292 677 1384 712 mira
1411 679 1496 712 sunt
1521 678 1752 721 demonstrat,

224 730 266 764 de
292 741 360 775 quo
387 730 431 773 cf.
459 730 640 766 Beckerus
665 731 706 765 in
739 730 898 766 Studem.
933 730 1035 766 Stud.
1064 732 1092 765 I
1115 743 1154 776 p.
1182 733 1271 766 226.
1323 730 1397 765 Pro
1431 730 1606 765 dicebant
1633 731 1752 767 Came-

226 784 351 817 rarius
383 782 534 819 aiebant
564 784 715 829 itemque
746 783 784 818 'R
817 784 895 819 coll.
925 784 1010 819 Mil.
1043 785 1132 829 qlor.
1161 787 1209 819 66
1243 784 1350 829 (adde
1382 785 1560 819 Baierum
1586 796 1625 830 p.
1655 786 1750 830 149).

228 836 356 871 dicunt
381 836 548 872 Bothius.
578 857 619 862 ——
648 836 737 882 quid.
762 837 805 872 fit
832 838 939 873 ‘alibi
964 838 1046 883 leqi’
1076 838 1169 872 Pius
1194 838 1293 873 dicit.

353 893 454 925 1047.
489 889 543 934 Cf.
571 891 620 926 ad
645 892 769 926 tcstim.
803 892 903 927 Haec
934 891 1052 926 nihilo
1089 903 1168 926 esse
1198 891 1290 925 mihi
1321 890 1495 926 uidentur
1521 891 1655 927 sectius
1680 903 1752 927 ser-

226 944 335 979 vabat
360 943 416 978 'Rs
442 944 488 986 cf.
515 944 613 980 Prot.
639 944 671 978 T
670 945 741 980 rin.
767 956 803 989 p.
825 945 957 980 LXX.
1009 945 1114 980 Adde
1146 944 1443 980 Weihrauehium
1469 944 1599 981 Philet.
1627 946 1754 981 XXX

220 1008 259 1042 p.
288 999 372 1032 626.
425 1008 529 1032 secus
556 1008 667 1042 quam
701 998 884 1034 Vcdelenus
916 999 1015 1034 dedit
1047 999 1089 1033 de
1120 1009 1225 1033 versu
1255 1008 1403 1033 securus
1434 999 1585 1043 itemque
1617 1000 1659 1034 de
1682 1010 1752 1034 ser·
1774 1010 1788 1020 ·

225 1061 345 1085 mone:
370 1051 414 1094 cf.
441 1051 714 1087 Studemundus
748 1051 888 1087 Vz'dul.2
909 1064 938 1097 p
976 1054 1022 1086 48
1050 1052 1112 1096 (ad
1137 1063 1168 1088 v.
1196 1053 1268 1094 33).
1319 1051 1377 1086 De
1402 1053 1569 1087 extremis
1593 1053 1754 1088 versibus

225 1104 271 1147 cf.
299 1105 346 1138 ad
371 1116 402 1138 v.
429 1107 535 1139 1031.

348 1160 448 1192 1050.
477 1158 585 1202 Tu(n)
611 1158 697 1193 med
721 1158 832 1193 hodie
860 1169 1016 1203 usquam
1044 1157 1271 1202 conuenisse,
1300 1158 1438 1201 audax,
1466 1157 1579 1193 audes
1607 1157 1754 1194 dicere?

222 1209 264 1247 g
290 1211 379 1246 duce
404 1211 458 1256 A,
484 1213 701 1257 praesertim
733 1223 813 1247 cum
839 1214 875 1247 te
903 1213 944 1247 in
970 1213 1006 1247 B
1032 1213 1239 1257 suppletum
1274 1222 1344 1247 esse
1370 1212 1604 1256 probabilius
1637 1213 1685 1247 sit
1710 1223 1752 1248 ex

225 1274 400 1300 consensu
425 1266 526 1300 codd.
554 1264 674 1300 AOD
699 1266 739 1300 in
761 1266 975 1309 pronomine
1002 1277 1044 1300 ea:
1070 1276 1140 1300 usu
1165 1269 1322 1300 veterum
1347 1266 1484 1301 omisso,

348 1322 450 1353 1052.
480 1319 659 1354 ‘Frustra
686 1320 727 1354 in
754 1320 810 1353 leis
836 1319 1058 1362 Lambinus,
1084 1319 1300 1363 Acidalius,
1325 1319 1482 1354 Pistoris
1507 1320 1753 1354 elaborarunt.

228 1372 359 1407 Totum
384 1382 524 1407 versum
549 1373 601 1407 sic
631 1371 803 1408 Guietus:
839 1371 969 1417 Eripui
1002 1374 1056 1417 te,
1090 1372 1258 1408 homines
1292 1371 1488 1407 sublimem
1521 1383 1630 1417 quem
1662 1372 1754 1407 fere-

225 1426 315 1460 bant
342 1425 548 1470 quattuor’.

346 1483 446 1514 1056.
475 1479 574 1524 potis
598 1479 862 1515 Fleckeisenus.
884 1480 1007 1514 Antea
1035 1479 1157 1524 quite
1178 1490 1250 1525 pro
1270 1479 1358 1523 quin
1378 1481 1415 1514 te
1442 1480 1593 1525 vutyata
1617 1481 1753 1516 vitiose.

226 1533 282 1568 De
308 1544 370 1567 eas
396 1544 426 1568 r.
457 1536 546 1568 1057
575 1533 705 1568 Brixii
730 1544 884 1568 errorem
916 1544 1007 1568 corr.
1043 1533 1296 1576 U'irtefeldius
1328 1533 1371 1568 de
1402 1543 1534 1568 conseo.
1561 1537 1665 1579 temp.
1694 1534 1754 1569 Pl.

224 1590 256 1620 et
284 1586 362 1621 Ter.
393 1587 458 1630 (ed.
488 1599 520 1623 a.
550 1587 661 1631 1888)
687 1598 722 1631 p.
752 1589 806 1621 19.

344 1643 444 1674 1058.
481 1639 593 1684 quoin
619 1651 690 1685 pro
718 1638 807 1684 quin
839 1639 928 1684 (0111)
956 1640 1157 1674 Muellerus
1185 1639 1368 1674 ‘NacMrz'
1403 1650 1441 1684 p.
1476 1641 1523 1674 34
1559 1640 1753 1675 admodum

224 1694 321 1728 mire.
375 1692 535 1728 Ceterum
562 1694 606 1737 cf.
635 1693 836 1738 Larryenus
862 1693 964 1728 Stud.
993 1693 1051 1728 Pl.
1073 1704 1111 1737 p.
1143 1695 1213 1727 155
1239 1696 1272 1727 et
1290 1693 1370 1728 vide
1390 1693 1439 1727 ad
1458 1704 1488 1727 v.
1512 1695 1609 1727 1039
1622 1704 1693 1738 sqq.

345 1750 433 1781 1060
448 1758 519 1792 sqq.
556 1747 669 1782 saltis
706 1758 771 1792 per
809 1746 935 1782 oculos
969 1746 1090 1781 iurare
1120 1750 1317 1791 praeeunte
1356 1745 1511 1796 Grutero
1536 1745 1584 1780 R.
1637 1745 1752 1782 sultis

224 1811 289 1845 per
316 1800 441 1835 oeulos
470 1800 590 1835 itu-ate
625 1800 825 1836 flIueIlerus
853 1800 1036 1835 ‘Nachtoz’
1061 1811 1101 1845 p.
1125 1802 1209 1835 129.
1261 1799 1298 1833 Si
1325 1799 1386 1833 uel
1411 1810 1477 1844 per
1504 1799 1628 1835 oeulos
1656 1799 1750 1835 iure-

224 1853 273 1887 tis
300 1854 482 1889 Lucbsius
497 1853 622 1889 Herm.
648 1854 709 1888 VI
727 1865 765 1898 p.
782 1857 857 1889 275
882 1855 1046 1898 itemque,
1071 1854 1131 1888 sed
1157 1852 1302 1896 iuratis,
1328 1853 1496 1888 Briossus.
1524 1874 1567 1878 -—
1603 1853 1749 1889 V.106‘2

225 1906 293 1942 Pro
320 1908 387 1942 del.
414 1906 451 1941 'R
479 1908 632 1942 adderis:
667 1907 768 1943 ‘Non
795 1911 845 1942 est
869 1908 945 1942 veri
975 1907 1092 1942 simile
1118 1918 1140 1941 a
1166 1907 1284 1942 tribus
1308 1907 1476 1942 iambicis
1501 1917 1668 1942 scaenam
1693 1919 1751 1943 eec-

224 1971 344 1995 orsam
369 1971 451 1995 esse.
503 1961 656 1995 Eosdem
678 1971 833 2005 prorsus
859 1964 964 2004 atque
989 1970 1054 1994 nos
1079 1960 1278 1995 trochaieos
1303 1961 1525 2004 septenarios
1550 1960 1749 1996 Fleckeise-

224 2024 293 2048 nus
320 2013 505 2048 restituit'⁸
557 2014 737 2048 Iambicos
751 2014 916 2058 probans
936 2024 966 2048 υ.
990 2016 1079 2047 1061
1107 2011 1263 2047 hocedie
1282 2014 1399 2048 suasit
1419 2013 1599 2058 Berylcz'us
1622 2014 1750 2059 Opusc.

226 2068 252 2100 I
273 2078 309 2110 p.
337 2069 430 2108 112,
460 2067 521 2102 nbi
545 2066 632 2101 hino
658 2068 711 2101 vel
736 2067 806 2102 tale
830 2067 919 2112 quid
944 2077 1019 2101 non
1044 2069 1187 2100 tantum
1206 2069 1357 2110 propter
1383 2077 1522 2101 versum
1548 2069 1594 2111 (et
1619 2067 1669 2111 A)
1694 2079 1747 2103 re-

223 2121 401 2164 quiritur:
433 2132 517 2155 neom
552 2121 718 2164 ‘pallam’
747 2121 890 2165 quidem
923 2120 1087 2155 ‘abstulit
1118 2119 1254 2164 hodie’,
1284 2120 1345 2154 sed
1377 2120 1487 2155 uxori
1513 2121 1674 2155 abstulit.
1704 2141 1745 2145 --

222 2174 284 2208 Ad
309 2185 339 2209 v.
370 2176 459 2208 1062
486 2174 530 2217 ef.
558 2174 777 2210 Ribbeckius
802 2175 843 2209 in
875 2173 1079 2217 Woelffltni
1105 2173 1242 2208 Archio
1269 2173 1325 2206 II
1350 2184 1389 2218 p.
1417 2176 1497 2208 122.
1528 2194 1569 2198 —
1596 2173 1746 2209 Retrac-

224 2228 336 2262 tatori
360 2228 491 2262 tribuit
516 2239 546 2262 v.
578 2232 666 2262 1060
681 2239 730 2273 sq.
759 2228 1069 2271 Sonnenburyius.
1093 2247 1134 2251 —
1164 2226 1203 2260 V.
1228 2229 1317 2260 1063
1345 2225 1567 2262 consimilist
1587 2229 1634 2263 Ἠ.
1663 2238 1745 2262 con-

225 2278 323 2313 simil
351 2281 431 2314 east
457 2280 637 2325 Berylcius
667 2280 797 2325 Opusc.
823 2281 904 2324 11).
934 2283 1017 2315 0¹78.

345 2336 445 2368 1064.
474 2335 531 2367 est
555 2333 654 2368 haud
682 2333 875 2368 dissimilis
896 2333 1153 2378 Siqismundus
1179 2333 1221 2368 de
1247 2339 1298 2364 ΗΑ
1309 2339 1354 2364 UD
1374 2335 1508 2377 partic.
1531 2345 1569 2379 p.
1595 2336 1669 2369 255
1694 2345 1746 2369 re-

222 2386 366 2429 futante
391 2386 566 2431 Styfs'erto
594 2387 826 2422 ‘Jahresberf
856 2398 889 2423 a.
918 2386 1049 2431 188300'5
1075 2398 1108 2430 p.
1137 2389 1194 2421 61.

348 2443 435 2474 1067
451 2451 500 2484 sq.
529 2440 569 2473 tu
597 2439 728 2485 edepol
751 2451 821 2485 pro
847 2451 904 2473 me
932 2440 1065 2484 edepol
1085 2440 1286 2475 Muellerus
1308 2440 1493 2475 ‘Nachtr.'
1519 2452 1556 2485 p.
1570 2444 1658 2484 129,
1683 2441 1748 2476 ubi

223 2504 280 2527 me
315 2494 364 2527 ad
398 2493 548 2538 ‘piyeat’
589 2494 846 2538 interpolatum
872 2504 942 2528 esse
982 2494 1116 2528 monui.
1152 2513 1195 2518 —
1227 2504 1323 2537 quae
1359 2494 1452 2528 uelis
1472 2495 1484 2538 ΙῙ
1502 2494 1634 2538 Eloqui
1667 2505 1747 2530 cum

225 2546 454 2580 Fleckeiseno
481 2547 536 2590 (R,
569 2547 632 2592 qui
669 2550 777 2581 antea
815 2547 936 2581 eadem
966 2547 1028 2582 via
1060 2557 1148 2581 usus
1171 2548 1366 2591 scripserat
1392 2558 1486 2591 quae
1512 2546 1746 2593 ιιι-1113111103-

222 2599 384 2643 pondere
418 2600 516 2644 (dein
543 2600 633 2634 mihi
660 2599 975 2644 Menaechmost),
1008 2610 1088 2634 cum
1114 2599 1304 2644 Kayserus
1336 2611 1426 2635 cens.
1449 2612 1488 2644 p.
1517 2604 1592 2636 420
1618 2600 1746 2645 pigeat

224 2663 316 2696 quae
338 2652 431 2686 uelis
452 2654 646 2696 defendens
671 2653 787 2688 Immo
820 2652 918 2699 <hoo
948 2651 1110 2699 nomen>
1138 2652 1271 2698 edepol
1297 2653 1410 2700 <est>
1437 2653 1526 2687 mihi
1549 2657 1743 2698 proponat.

343 2709 443 2740 1069.
471 2706 609 2741 Eadem
649 2707 712 2751 pol
750 2705 908 2750 patriast
939 2705 987 2739 R.
1042 2705 1177 2739 Domus
1216 2716 1259 2740 ea
1292 2708 1329 2740 et
1366 2706 1525 2750 patriast
1556 2706 1746 2751 Kayserus

221 2769 255 2801 p.
273 2761 346 2793 420
360 2770 408 2803 sq.
450 2759 587 2794 Eadem
616 2759 702 2793 urbs
729 2760 766 2793 et
792 2758 952 2803 patriast
971 2758 1209 2793 Buecheler-us
1237 2760 1337 2794 illus.
1365 2760 1479 2795 Iu’hen.
1509 2760 1600 2794 XII
1618 2772 1657 2803 p.
1672 2762 1744 2794 133

223 2812 450 2855 dubitanter,
484 2814 579 2857 quod
605 2814 844 2856 confidentius
875 2815 1083 2855 receperunt
1109 2811 1268 2846 Brixius
1301 2811 1558 2856 Vahlenusquc.
1604 2810 1744 2846 Eadem

224 2864 384 2907 patriast
412 2864 497 2899 urbs
523 2866 576 2900 vel
605 2866 741 2901 Eadem
768 2865 928 2910 patriast
954 2866 991 2899 et
1018 2864 1218 2909 Vssinyius.
1270 2864 1326 2899 De
1351 2865 1405 2899 Ea
1431 2864 1558 2899 demus
1584 2863 1745 2910 patriast

222 2918 293 2959 suit
321 2918 383 2961 qui
409 2918 589 2963 cogitaret.
835 2927 839 2930 ⁴
