1946 3344
797 213 1069 250 PRAEFATIO
1632 214 1695 248 XV

168 325 249 366 hoc
300 324 405 365 alibi
455 324 713 379 explicatius
765 324 932 366 dicendi
981 325 1099 366 locus
1151 324 1260 366 erit.'
1335 324 1416 377 [Of.
1463 324 1617 377 Opusc.
1657 322 1695 363 ll

168 412 207 450 p.
242 396 327 437 632
344 398 466 450 sqq.].

291 465 405 515 Quas
447 467 528 508 hoc
565 468 658 509 loco
705 467 966 509 Ritschelius
1009 467 1283 509 adumbravit
1325 466 1585 520 sententias,
1626 480 1697 507 eas

160 537 318 580 ‘notum
351 541 416 580 est
448 552 544 579 cum
577 537 686 579 alios
718 538 998 593 impugnasse
1029 541 1122 580 tum
1156 537 1432 594 Spengelium
1465 535 1530 593 (T.
1563 537 1618 578 M.
1655 537 1698 578 Ρ.

167 625 206 664 p.
239 609 296 652 55
312 624 404 664 sqq.
436 611 479 650 et
514 610 596 651 178
615 608 745 665 sqq),
783 610 857 664 qui
900 624 1036 664 neque
1080 609 1126 650 in
1170 609 1435 652 admittenda
1478 608 1583 649 mim
1625 608 1698 649 tesz

166 681 246 723 3in
282 695 484 722 mensura
515 694 650 735 neque
677 680 722 720 in
750 679 872 721 hiatu
909 681 1152 735 septenario
1182 680 1400 722 trochaico
1428 679 1697 721 concedendo

168 750 473 793 Menaechmos
495 751 663 792 differre
685 765 708 792 a
729 751 882 792 ceteris
908 751 1066 792 fabulis
1094 751 1293 805 ostendit,
1320 751 1530 805 siquidem
1557 751 1696 805 ipsam

169 823 377 864 librorum
420 820 672 863 memoriam
715 835 1002 876 sequeremur.
1065 823 1129 863 Ac
1168 821 1217 862 de
1257 822 1562 876 pronominum
1602 822 1698 863 illo-

168 909 261 935 rum
300 892 510 948 prosodia
554 906 730 946 prorsus
769 892 969 948 legitima
1009 892 1138 934 hodie
1177 893 1232 934 lis
1271 893 1357 933 iam
1396 907 1481 934 non
1522 895 1602 934 est:
1649 893 1698 934 de

168 965 290 1006 hiatu
323 979 424 1006 vero
456 965 499 1005 in
530 963 714 1005 diaeresi
739 978 829 1004 rem
862 964 1054 1005 nondum
1087 964 1328 1006 confectam
1362 978 1455 1005 esse
1488 978 1538 1005 ex
1571 964 1699 1005 adno-

169 1036 408 1078 tationibus
442 1035 494 1076 ad
527 1035 721 1090 singulos
755 1049 905 1077 versus
937 1035 1062 1077 modo
1096 1038 1369 1076 enumeratos
1404 1035 1595 1090 aliosque
1629 1050 1698 1089 ap-

170 1109 304 1161 paret.
367 1106 502 1156 Quem
534 1107 703 1148 hiatum
737 1107 820 1148 etsi
852 1107 978 1161 pauci
1012 1121 1189 1161 prorsus
1223 1106 1472 1160 excludunt,
1505 1106 1699 1161 plerique

171 1178 473 1220 liberalissime
518 1177 771 1232 defendunt,
815 1181 960 1220 tamen
1007 1192 1281 1233 nequaquam
1322 1177 1526 1219 continuo
1568 1177 1698 1218 relin-

171 1249 386 1304 quendum
420 1264 530 1303 esse,
562 1249 637 1290 ubi
669 1252 837 1291 exstare
869 1249 1084 1304 videatur,
1123 1250 1218 1304 ipsa
1249 1249 1461 1291 librorum
1494 1248 1700 1289 memoria

171 1319 343 1374 saepius
376 1320 517 1362 edocti
550 1335 712 1362 sumus.
772 1319 923 1376 Neque
964 1321 1007 1362 in
1040 1321 1146 1363 locis
1178 1320 1305 1362 modo
1340 1320 1600 1361 enumeratis
1634 1319 1700 1361 de-

170 1394 290 1445 sunt,
328 1392 399 1445 qui
432 1395 507 1433 aut
544 1394 722 1446 propter
760 1392 992 1434 lectionem
1025 1392 1199 1433 omnino
1233 1391 1406 1433 dubiam
1440 1392 1581 1433 afferri
1612 1406 1699 1432 non

169 1462 395 1503 debuerint
432 1461 570 1518 (velut
608 1478 645 1504 v,
676 1464 775 1505 407.
819 1463 916 1505 841.
959 1464 1065 1515 913,
1088 1461 1160 1518 al.)
1207 1465 1282 1504 aut
1320 1462 1418 1504 aliis
1457 1462 1699 1503 rationibus

171 1537 440 1576 evanescant.

289 1604 410 1654 Quod
439 1620 538 1647 vero
566 1606 790 1647 sententiis
817 1606 906 1647 illis
939 1606 1090 1647 ductus
1117 1605 1381 1646 Ritschelius
1414 1604 1541 1646 modo
1575 1620 1702 1659 posu-

171 1680 262 1718 erat
293 1676 674 1718 Menaechmorum
705 1676 899 1719 fabulam
933 1692 984 1718 ex
1017 1676 1331 1731 antiquissimis
1365 1690 1456 1717 esse
1488 1675 1700 1718 Plautinis

170 1773 223 1776 -—
258 1747 309 1788 de
360 1762 443 1801 quo
493 1748 624 1803 longe
669 1748 794 1790 aliter
838 1751 987 1803 postea
1034 1747 1253 1791 iudicabat
1294 1748 1403 1789 Nov.
1448 1762 1534 1789 exc.
1579 1747 1641 1791 Pi.
1679 1747 1700 1788 'l

171 1835 210 1873 p.
248 1819 329 1860 126
362 1842 440 1873 —,
477 1818 521 1859 id
554 1834 642 1861 non
676 1819 902 1860 defuerunt
934 1820 1005 1874 qui
1044 1819 1182 1860 denuo
1223 1819 1545 1872 contenderent,
1586 1819 1703 1860 velut

170 1889 389 1931 Stiefelius
429 1887 536 1945 (³131.
570 1890 598 1931 f.
636 1890 676 1931 b.
710 1889 881 1945 Gymn?
915 1890 995 1932 XV
1028 1906 1068 1945 p.
1101 1891 1187 1932 312
1204 1888 1284 1946 sq.)
1318 1905 1497 1944 eumque
1531 1895 1701 1931 secutus

171 1960 657 2003 lteinhardstoettnerus
708 1962 752 2002 in
803 1962 914 2004 libro
975 1961 1244 2016 amplissima
1295 1961 1491 2003 doctrina
1540 1961 1702 2015 insigni

169 2029 397 2087 (Plautus.
432 2029 610 2086 Sp‘atere
644 2032 969 2087 Barbeitungen
1002 2033 1182 2087 plautin.
1213 2031 1400 2086 Lustsp’
1435 2032 1496 2073 ed.
1529 2032 1701 2086 Lipsiae

171 2118 205 2143 a.
241 2103 354 2145 1886
388 2118 426 2157 p.
458 2101 579 2159 490).

291 2171 373 2214 Sed
404 2176 577 2228 praeter
609 2175 750 2216 locum
784 2176 1100 2217 conclamatum
1135 2175 1186 2216 de
1218 2175 1408 2217 Hierone
1440 2173 1702 2231 regnantess)

170 2260 221 2286 ex
260 2244 639 2287 Windischmanni
680 2244 1023 2300 Visseringiique
1063 2246 1266 2300 opinione
1307 2247 1350 2287 in
1389 2246 1501 2287 hanc
1534 2250 1700 2287 senten-

170 2317 278 2358 tiam
316 2315 571 2369 adhibitum,
603 2330 699 2358 cum
733 2316 785 2358 ad
818 2316 962 2357 Plauti
996 2318 1216 2371 exemplar
1248 2317 1392 2371 potius
1427 2317 1602 2372 eiusque
1636 2332 1702 2358 ae-

172 2390 309 2428 tatem
341 2386 598 2428 trahendum
632 2402 724 2428 esse
757 2388 843 2428 iam
871 2388 1064 2443 plerique
1097 2388 1382 2442 consentiant,
1414 2389 1522 2430 nihil
1557 2389 1705 2430 attulit

174 2458 392 2499 Stiefelius
425 2458 511 2499 nisi
544 2458 753 2500 eiusmodi
786 2459 988 2513 rationes,
1021 2459 1168 2514 quales
1202 2459 1360 2500 dudum
1395 2459 1581 2513 explosit
1613 2459 1700 2499 liit-

295 2587 328 2630 ss)
358 2586 448 2620 Mire
466 2585 884 2621 lteinhardstoettnerus
905 2587 1054 2632 scripsit
1069 2587 1280 2623 Stiefelium
1301 2587 1548 2632 interpolatos
1568 2587 1704 2621 habere

175 2653 207 2676 v.
238 2643 305 2674 407
322 2650 421 2683 sqq:
449 2650 559 2682 quam
586 2640 650 2673 ille
672 2640 897 2674 sententiam
919 2640 1068 2675 disertis
1094 2641 1217 2676 verbis
1244 2639 1386 2676 reiecit.
1438 2640 1510 2673 Sed
1536 2651 1610 2673 non
1637 2639 1702 2673 ini-

179 2706 245 2727 nus
271 2692 363 2726 mire
388 2691 467 2737 ipse
489 2692 677 2727 Stiefelius
697 2703 838 2728 errores
858 2692 1056 2728 historicos
1078 2693 1207 2728 Erotio
1233 2693 1393 2728 maxime
1420 2692 1596 2736 imputari
1625 2691 1705 2725 vult

172 2747 388 2791 Cverssessen
412 2746 480 2780 wir
510 2746 627 2789 nicht,
658 2757 743 2781 wem
768 2747 826 2782 (lie
858 2747 980 2782 lVorte
1006 2748 1046 2782 in
1070 2747 1140 2782 den
1167 2747 1293 2781 Mance
1317 2747 1428 2791 ,quth
1453 2745 1555 2779 siml.-
1581 2745 1640 2778 em
1667 2756 1700 2778 m

176 2801 377 2843 Mdclchen,
408 2800 475 2834 clas
495 2799 580 2842 ,jenc
605 2799 750 2834 Namen
775 2801 886 2842 (Πίον-3
919 2811 989 2835 von
1014 2802 1146 2835 semem
1173 2800 1355 2835 Geliebten
1380 2799 1503 2843 yeht‘irt
1529 2797 1607 2831 und
1632 2808 1705 2831 nur

174 2853 337 2888 teilweise
362 2853 495 2897 richtiy
520 2853 571 2887 im
590 2852 812 2887 Gedae'c'chmis
837 2853 998 2888 behaltcn
1023 2854 1138 2897 hat’):
1167 2854 1230 2887 ubi
1256 2864 1405 2897 prorsus
1431 2849 1599 2895 neglexit
1626 2851 1699 2885 Mc-

173 2908 394 2941 naechmum
416 2905 689 2947 Syracusanum
711 2906 845 2942 addere
870 2907 985 2941 ‘haud
1005 2907 1109 2949 falsa,
1137 2906 1279 2948 mulier,
1307 2903 1514 2948 praedicas’
1538 2903 1693 2947 ipsaque

177 2959 374 2994 verborum
400 2957 552 2994 illorum
582 2959 772 2994 ‘veritate’
801 2960 1036 2995 commoveri.
