1946 3344
265 208 332 242 XX
895 203 1164 240 PRAEFATIO

267 316 543 371 inquisitione
582 314 792 364 absoluta,
831 313 937 354 satis
977 313 1135 367 prodit,
1176 328 1272 354 cum
1314 327 1413 354 mox
1453 314 1522 354 vix
1563 314 1706 367 capiat
1749 316 1792 354 et

268 401 395 442 aegre
443 386 608 438 credat,
657 385 731 426 ubi
772 383 1105 438 Aristophontes
1151 383 1308 425 falsum
1352 383 1643 426 Philocratem
1691 384 1794 426 dicit

268 458 516 513 detegitque
550 455 607 512 (v.
640 455 726 497 545
741 470 801 510 sq.
834 455 931 497 559.
966 455 1052 496 564
1068 470 1129 509 sq.
1161 455 1278 509 573).
1338 454 1533 510 Denique
1562 455 1792 510 Langenus

268 544 306 583 p.
331 529 413 570 123
430 542 489 582 sq.
516 529 690 582 poetam
718 526 821 567 dicit
842 541 877 568 v.
898 526 982 567 947
997 540 1059 580 sq.
1087 526 1272 568 oblitum
1292 540 1385 567 csse
1406 540 1606 567 versuum
1630 526 1713 568 331
1732 541 1792 580 sq.

268 614 363 641 cum
408 598 635 652 magnifice
679 597 906 652 promittat
951 611 1058 651 quae
1104 596 1262 638 dudum
1309 597 1599 651 spoponderat
1642 596 1793 652 Hegio.

270 671 329 712 At
368 670 411 711 id
456 669 569 724 quod
613 669 694 710 hoc
738 669 832 710 loco
877 667 1094 723 promittit
1137 682 1224 709 non
1266 668 1358 709 sine
1404 668 1657 723 ambagibus
1699 682 1795 710 cum

270 742 454 783 maxime
499 739 797 794 postulaverat
841 737 1176 792 Philocrates&
1219 753 1357 793 neque
1400 739 1499 780 huic
1542 737 1626 791 ipsi
1669 740 1796 779 antea

270 812 529 868 promiserat
560 810 718 865 Hegio,
758 809 832 851 sed
864 809 1305 851 Pseudo-Philocrati
1337 824 1408 851 ero
1441 823 1528 850 non
1559 810 1796 863 praesente.

272 883 411 933 Quare
438 898 490 925 ne
523 882 605 923 hoc
638 881 809 936 quidem
840 881 933 922 1000
962 895 1061 922 vera
1088 883 1228 922 exstat
1254 880 1556 935 discrepantia,
1587 878 1661 921 sed
1685 893 1796 921 novo

272 955 416 1010 potius
450 956 704 1007 argumento
737 952 934 993 firmatur
967 952 1172 993 iudicium
1205 952 1318 1006 quod
1339 952 1388 993 de
1409 967 1446 992 v.
1467 951 1553 992 292
1566 965 1629 1005 sq.
1649 953 1691 991 et
1711 950 1797 992 335

273 1027 464 1068 tulimus.
513 1023 661 1078 Neque
694 1023 808 1064 vitae
838 1023 1075 1064 communis
1103 1022 1401 1064 consuetudini
1426 1022 1494 1064 vel
1524 1022 1650 1063 huius
1684 1021 1797 1063 senis

273 1102 455 1140 naturae
476 1094 742 1149 contradicit,
758 1094 794 1135 si
809 1093 954 1135 debita
981 1094 1206 1135 solvuntur
1221 1094 1457 1147 impensius
1478 1092 1799 1147 verbosiusque.

392 1168 619 1210 Postremo
651 1166 822 1220 attingo
857 1179 1055 1206 scaenam
1088 1165 1272 1206 multum
1306 1167 1501 1206 vexatam
1532 1179 1569 1205 v.
1598 1163 1682 1205 768
1698 1178 1800 1218 sqq.,

276 1241 349 1281 ubi
382 1238 599 1294 parasitus
633 1236 685 1278 ad
704 1235 943 1291 Hegionem
978 1250 1152 1277 currens
1180 1236 1324 1276 omnia
1356 1235 1441 1276 alia
1473 1235 1632 1290 agitet
1658 1234 1799 1275 verbis

275 1314 318 1353 et
346 1311 473 1351 rebus
501 1309 583 1349 sibi
619 1307 793 1362 senique
826 1321 992 1348 moram
1025 1307 1219 1359 afferens,
1251 1321 1379 1361 quam
1412 1309 1610 1348 amovere
1643 1305 1800 1347 diserte

275 1382 379 1423 vult.
431 1379 567 1428 Quam
602 1393 800 1420 scaenam
834 1378 1122 1419 scurriliorem
1155 1380 1306 1419 nostro
1340 1378 1429 1418 iure
1462 1376 1656 1431 dicimus,
1689 1377 1800 1418 unde

277 1452 404 1494 etiam
440 1450 705 1493 contraxisse
739 1449 918 1502 videtur,
963 1449 1035 1503 qui
1067 1463 1102 1489 v.
1138 1449 1371 1490 800—802
1404 1447 1577 1502 scripsit
1607 1447 1801 1489 versibus

278 1523 523 1566 790—799.
557 1520 792 1563 803—824
819 1519 1161 1562 substituendos:
1192 1534 1330 1574 neque
1359 1521 1507 1561 tamen
1538 1520 1650 1560 recte
1682 1518 1802 1559 illam

276 1595 418 1649 ipsam
451 1592 781 1646 discrepantiam
819 1592 932 1632 inter
973 1591 1295 1632 festinationem
1334 1590 1803 1644 commorationemque

277 1665 457 1719 parasiti
494 1666 699 1718 tanquam
740 1663 949 1704 absonam
985 1663 1247 1716 vituperavit
1277 1661 1506 1716 Langenus
1538 1676 1578 1715 p.
1613 1661 1693 1702 121
1711 1675 1803 1715 sqq.

276 1736 390 1778 Nam
428 1738 559 1789 poeta
598 1734 685 1775 sive
717 1733 897 1774 Plautus
936 1732 1018 1774 fuit
1057 1731 1125 1788 (ut
1156 1746 1236 1787 ego
1269 1731 1413 1787 credo)
1455 1732 1544 1773 sive
1583 1732 1692 1773 alius
1733 1729 1804 1788 (ex

279 1807 513 1849 multorum
535 1804 767 1860 sententia)
789 1804 879 1845 sine
901 1803 1029 1845 dubio
1050 1818 1127 1858 per
1146 1803 1256 1845 hanc
1278 1803 1604 1857 discrepantiam
1626 1816 1804 1844 acumen

280 1878 449 1932 vimque
482 1877 690 1918 comicam
724 1875 935 1929 quaesivit
975 1875 1147 1916 omnino
1187 1875 1231 1915 in
1264 1874 1471 1915 eiusmodi
1507 1874 1804 1928 discrepantiis

279 1949 464 1990 maxime
516 1947 809 2001 conspicuam:
868 1945 1101 1999 eademque
1152 1946 1319 1986 ratione
1372 1945 1646 1986 continentur
1696 1959 1804 1999 quae

282 2019 539 2074 singillatim
565 2018 646 2059 hoc
672 2018 765 2059 loco
793 2017 903 2058 serio
931 2018 1071 2071 magis
1098 2031 1224 2070 quam
1252 2031 1351 2057 vero
1372 2015 1601 2070 Langenus
1627 2016 1804 2058 notavit.

399 2089 537 2130 Multo
577 2089 715 2144 magis
755 2102 851 2129 cum
882 2086 1086 2141 Langeno
1125 2087 1231 2128 mihi
1270 2087 1468 2128 convenit
1499 2087 1543 2127 in
1581 2087 1658 2140 eis,
1697 2101 1805 2141 quae

282 2162 331 2203 de
365 2160 546 2215 singulis
580 2158 773 2201 versibus
807 2161 880 2200 aut
913 2158 1134 2199 servandis
1168 2160 1242 2199 aut
1269 2158 1456 2199 delendis
1490 2157 1693 2212 disputat,
1725 2158 1806 2199 etsi

281 2232 408 2286 paulo
442 2231 593 2272 saltem
627 2245 753 2285 quam
791 2230 864 2271 ille
902 2229 993 2270 vult
1025 2219 1197 2283 longius
1229 2228 1588 2283 progrediendum
1633 2243 1724 2271 esse
1762 2229 1806 2270 in

285 2302 522 2345 statuendis
565 2301 870 2356 dittographiis
912 2300 1402 2355 interpolationibusque
1443 2314 1695 2355 persuasum
1736 2300 1807 2341 ha-

283 2371 446 2428 heom).
509 2372 590 2415 Sed
630 2373 679 2414 de
712 2372 779 2414 liis
818 2372 946 2413 rebus
986 2371 1202 2413 sufficiant
1239 2385 1345 2424 quae
1377 2370 1423 2412 in
1455 2370 1806 2412 adnotationibus

283 2445 538 2501 significavi.

401 2580 434 2624 *)
462 2579 515 2613 De
541 2579 611 2613 hac
642 2588 681 2612 re
708 2588 752 2611 ne
777 2587 973 2621 perperam
1004 2575 1222 2618 iudicemus,
1249 2587 1320 2610 non
1353 2575 1588 2620 neglegenda
1613 2576 1671 2610 est
1697 2587 1807 2619 quam

284 2632 434 2669 omnino
466 2632 505 2667 in
540 2630 820 2677 quaestionibus
852 2630 1076 2675 pecuniariis
1113 2628 1423 2673 deprehendimus
1461 2639 1604 2663 morum
1644 2627 1808 2663 anxieta-

283 2689 361 2722 tem
386 2685 710 2729 rusticitatemque
738 2683 798 2728 (cf.
825 2696 857 2719 v,
887 2688 954 2719 318
969 2695 1045 2728 sqq.
1074 2684 1111 2716 et
1137 2686 1203 2716 406
1219 2684 1325 2726 sqq).

379 2739 433 2784 **)
461 2739 513 2774 Cf.
536 2737 695 2783 exempli
715 2748 827 2772 causa
846 2748 938 2781 quae
960 2737 1004 2771 de
1033 2734 1198 2771 versibus
1221 2739 1286 2770 189
1302 2747 1380 2779 sqq.
1408 2735 1680 2776 adnotavimus,
1701 2735 1808 2770 item-

286 2804 356 2838 que
394 2794 437 2828 de
463 2805 496 2828 v.
526 2795 592 2827 152
608 2802 688 2836 sqq.
740 2790 836 2833 Quos
868 2791 969 2825 locos
1002 2789 1034 2824 si
1067 2787 1218 2823 Plautus
1251 2787 1303 2822 sic
1340 2787 1506 2832 scripsit,
1542 2788 1808 2832 vituperandus

286 2857 372 2881 sane
401 2847 468 2881 est.
517 2843 616 2879 Illud
641 2845 766 2879 autem
792 2844 881 2879 satis
915 2843 1039 2878 mirari
1064 2852 1139 2876 non
1164 2851 1323 2885 possum,
1358 2840 1457 2885 quod
1481 2839 1627 2875 Brixius
1654 2852 1808 2886 pravam

288 2900 332 2934 de
364 2898 423 2933 his
454 2897 621 2933 versibus
660 2897 880 2931 sententiam
921 2895 1172 2931 vindicaturus
1207 2893 1415 2938 Hegionem
1453 2894 1603 2929 omnino
1642 2893 1807 2939 lepidum

289 2962 413 2987 senem
440 2950 531 2986 dicit
556 2950 728 2997 (append.
757 2949 836 2984 erit.
863 2949 910 2985 ad
934 2960 968 2985 v.
999 2951 1080 2983 152:
1114 2949 1237 2993 „daza
1261 2948 1346 2983 sind
1371 2948 1428 2983 die
1453 2947 1600 2983 Scherze
1624 2958 1662 2983 so
1687 2947 1809 2983 decent
