1946 3344
125 226 312 257 480—497
766 222 1011 257 APPENDIX
1567 225 1644 264 171

244 332 327 364 480.
354 339 437 363 eam
463 327 557 363 mihi
583 340 688 364 meae
713 330 768 364 vel
793 340 897 365 meae
925 329 1018 365 mihi
1044 329 1096 366 g.
1149 331 1204 374 Of.
1229 332 1411 367 Luehsius
1431 333 1471 366 in
1490 332 1648 367 Student.

126 383 231 418 Stud.
259 382 288 416 Ι
304 394 342 428 p.
370 385 427 417 61.
457 402 499 406 —
531 381 570 416 V.
598 385 667 417 483
694 382 866 417 assentiri
892 383 1106 428 Lambinus,
1133 389 1175 420 ut
1201 397 1229 420 ι’.
1257 389 1340 421 413.

246 440 326 471 484.
367 434 496 470 multis
534 434 625 479 quid
670 435 793 471 uerbis
839 438 949 481 opust
991 438 1158 473 Bothius.
1221 438 1344 474 uerbis
1389 438 1479 482 quid
1523 437 1650 473 multis

127 492 238 535 opust
262 488 312 524 R.
374 488 449 523 Pro
477 490 585 533 opust
605 489 725 533 possis
755 489 863 524 etiam
894 500 1017 525 moror
1049 492 1102 535 (ut
1138 491 1217 526 Ter.
1250 491 1368 527 Andr.
1395 494 1496 535 114):
1529 492 1574 535 cf.
1601 491 1650 526 ad

126 554 158 578 v.
185 545 270 578 502.

245 597 325 629 485.
351 594 446 629 bene
475 594 546 628 fuit
571 595 630 637 (sc.
658 594 764 639 mihi)
791 595 912 631 Eleius
930 596 972 630 in
997 596 1049 631 ed.
1075 597 1215 642 Captiv.
1241 610 1274 633 a.
1303 601 1398 634 1853
1420 609 1458 643 p.
1483 601 1542 634 52.
1595 598 1651 641 Cf.

127 649 326 694 LanJJenus
350 648 463 683 Anal.
489 648 546 683 Pl.
575 648 603 681 I
621 659 660 692 p.
682 651 715 683 7.
773 648 864 684 Vide
889 649 938 684 ad
961 660 993 684 v.
1020 652 1150 694 4783q.

245 704 325 736 487.
353 700 551 735 aduersum
582 699 614 734 it
645 711 726 736 cum
760 701 916 737 Grutero
947 703 1135 747 amplexus
1167 703 1338 748 (neylecta
1371 703 1419 738 sit
1452 705 1650 748 scriptura)

128 756 200 791 Sed
225 756 267 790 in
291 765 413 790 versus
438 754 548 788 initio
574 754 730 789 addebat
754 754 914 790 Brixius
932 766 1124 800 perperam
1151 757 1325 792 adhibitis
1351 757 1459 800 loeis,
1485 757 1549 791 ubi
1573 758 1651 792 alia
1715 771 1721 778 ·

126 809 283 845 eiusdem
309 808 444 843 actoris
468 807 577 842 verba
597 808 833 851 praecedunt.

246 865 326 898 489,
352 860 555 905 Flagitium
588 861 629 894 tu
654 860 815 895 hominis
842 860 898 897 R.-
928 862 1011 896 item
1043 861 1309 898 Fleckeisenus.
1361 863 1563 907 Flagitium
1589 864 1652 898 ho-

128 915 249 951 monis
276 915 459 960 Berqlcius
487 915 616 958 Opusc.
643 913 671 947 Ι
686 925 724 958 p.
753 917 835 949 148.
886 913 1057 949 Hominis
1083 915 1268 960 flagitium
1295 916 1506 961 Waqvnerus.
1559 918 1652 951 Item

126 981 158 1005 v.
186 973 258 1004 709
295 969 355 1013 (cf.
388 968 493 1003 Asin.
520 970 613 1010 473,
651 967 731 1002 Cas.
760 967 844 1002 III
861 970 906 1011 2,
932 971 986 1004 22
1021 969 1102 1014 [II
1125 972 1167 1011 1,
1194 969 1264 1014 SJ).
1315 969 1486 1005 Fortasse
1521 971 1562 1004 in
1595 981 1654 1005 ore

129 1024 246 1069 vulqi,
278 1023 374 1057 unde
393 1022 552 1066 profluit
577 1022 791 1066 convicium,
817 1022 858 1056 in
884 1033 995 1057 unam
1022 1032 1136 1057 vocem
1163 1022 1298 1057 coaluit
1322 1022 1468 1068 flagitia
1494 1023 1654 1058 hominis

130 1076 332 1122 (nominis).

251 1133 319 1164 491
334 1140 406 1175 sqq.
441 1128 538 1171 Quid
562 1156 568 1162 .
591 1156 599 1164 .
621 1156 629 1164 .
652 1156 659 1164 .
687 1129 791 1163 foro?
829 1129 988 1164 Briaeius
1025 1129 1252 1173 disthuens
1290 1140 1370 1164 cum
1413 1130 1657 1174 ‘quibusdam’

129 1184 231 1228 apud
255 1183 502 1226 Lambinum,
537 1183 601 1227 qui
635 1182 687 1217 Vt
713 1199 758 1211 =
778 1186 972 1227 postquam
998 1183 1184 1227 explicans
1217 1182 1316 1226 foro,
1350 1182 1473 1218 fecisti
1500 1188 1654 1219 constru-

130 1238 222 1273 endo
247 1237 429 1281 iungebat.
485 1236 589 1281 Quod
613 1236 792 1281 recipiens
822 1234 1005 1271 Vahlenus
1030 1236 1137 1270 etiam
1162 1236 1336 1281 prandio,
1372 1236 1444 1271 Cur
1472 1248 1581 1271 ausus
1609 1238 1660 1272 fa-

131 1301 225 1334 cere,
252 1290 340 1335 quoi
366 1290 559 1332 distinaeit,
590 1290 687 1324 unde
723 1289 874 1324 Olsenus
894 1300 933 1334 p.
961 1292 1009 1324 18
1035 1289 1191 1333 prandio
1217 1309 1261 1314 —
1290 1289 1362 1324 Cur
1395 1301 1505 1324 ausus
1539 1291 1660 1326 facere

130 1364 192 1387 —-‚
219 1342 307 1387 quoi
332 1343 543 1378 dubitanter
570 1343 644 1388 (sed
671 1353 782 1377 ausus
809 1353 875 1378 om.
913 1354 951 1377 es
977 1343 1055 1377 sine
1080 1343 1333 1386 dubitatione).
1361 1364 1403 1368 —
1441 1344 1480 1378 V.
1508 1348 1575 1378 492
1602 1355 1660 1378 me

129 1397 284 1432 absente
311 1397 526 1431 Beroaldus.
578 1396 663 1431 med
689 1396 842 1431 absente
868 1407 948 1431 cum
982 1396 1118 1431 Botbio
1153 1398 1200 1439 (et
1224 1396 1403 1439 Bentleio)
1432 1397 1469 1431 'R
1497 1399 1532 1431 in
1561 1399 1662 1432 edit..-

129 1455 169 1485 at
194 1451 235 1493 efi
265 1450 358 1485 Nov.
381 1461 453 1485 ezec.
475 1450 534 1484 Pl.
563 1450 590 1483 Ι
608 1461 647 1494 p.
668 1452 728 1485 23.
780 1449 926 1484 absenti
953 1451 1035 1484 item
1062 1450 1132 1493 def.
1158 1449 1350 1494 Vssinqius
1376 1451 1483 1495 (idem
1510 1452 1661 1486 absente

129 1503 286 1549 prandio
312 1503 355 1538 ob
380 1504 582 1538 diiambum
608 1503 807 1548 Ieyitimum
834 1503 1058 1548 improbans,
1094 1504 1158 1548 qui
1182 1515 1215 1538 v.
1242 1508 1312 1539 480
1340 1506 1420 1538 eam
1448 1506 1552 1539 meae
1578 1505 1661 1539 reli-

129 1557 241 1603 quitl)
269 1560 301 1591 ct
333 1556 517 1591 Vahlenus
536 1556 662 1591 Herm.
681 1555 815 1591 XVII
828 1568 868 1601 p.
885 1560 957 1591 599
972 1567 1058 1601 sqq„
1084 1568 1301 1602 quamquam
1326 1558 1390 1592 hoc
1416 1559 1490 1593 loco
1517 1562 1662 1603 propter

131 1612 251 1655 ipsum
275 1611 405 1645 vitium
436 1620 519 1644 meo
545 1610 640 1644 nihil
666 1610 770 1645 libris
795 1611 1029 1646 tribuendum
1054 1616 1113 1647 est.
1142 1631 1185 1637 -
1220 1611 1260 1646 V.
1284 1615 1351 1645 493
1380 1623 1494 1655 quum
1521 1622 1565 1646 ea
1590 1622 1662 1655 qua

130 1666 171 1699 tu
197 1663 280 1698 eras
300 1674 402 1698 eram
422 1664 522 1698 codd.
544 1663 703 1709 Pyladis
729 1665 789 1708 (ea
809 1674 882 1708 que
904 1664 975 1699 eris
1002 1675 1102 1699 eram
1132 1664 1222 1699 ‘coel
1242 1664 1431 1700 Gantabr.’
1461 1664 1662 1708 Salmasii).

131 1716 217 1761 quoi
243 1728 314 1761 ego
339 1728 456 1760 aeque
489 1717 602 1760 atque
638 1716 768 1752 haeres
803 1717 979 1752 haeream
1006 1717 1223 1753 Lambinus.
1258 1718 1344 1762 quoi
1371 1728 1486 1761 aeque
1513 1728 1556 1752 ac
1583 1729 1662 1752 eres

131 1772 170 1816 (i.
196 1771 397 1814 erinaceus)
430 1770 605 1805 haeream
638 1770 774 1805 Iunius
807 1771 907 1815 apud
940 1771 1119 1815 Lipsium.
1171 1770 1278 1806 heres
1312 1781 1410 1804 eram
1443 1783 1460 1805 e
1493 1774 1557 1806 vet.
1585 1771 1659 1805 cod.

130 1825 238 1860 etiam
258 1824 422 1869 Scaliqer
447 1824 645 1868 adscripsit
670 1823 759 1868 quoi
786 1834 855 1868 ego
877 1834 950 1867 qua
969 1825 1010 1858 tn
1037 1823 1171 1868 (h)eres
1198 1835 1299 1859 eram
1328 1825 1377 1859 ad
1391 1824 1541 1859 Festum
1567 1825 1659 1858 coni.

131 1878 239 1913 Nihil
257 1878 416 1922 profecit
440 1876 619 1912 Havndius
642 1877 675 1910 T
674 1888 748 1916 urs,
776 1878 803 1911 Ι
822 1888 861 1921 p.
885 1880 965 1913 197.
1017 1877 1104 1922 quoi
1131 1888 1200 1922 ego
1227 1877 1394 1922 adaeque
1420 1878 1526 1913 heres
1554 1888 1655 1912 eram

111 1931 190 1978 JR:
216 1932 262 1974 ef‘.
291 1930 488 1975 Lanqenus
516 1930 661 1965 ‘Beitrff
685 1941 724 1975 p.
751 1932 814 1966 22.

250 1987 331 2018 495.
360 1982 431 2026 Qui
462 1982 554 2018 mihi
586 1983 767 2018 maldieas
791 1983 951 2019 Brioeius
985 1985 1026 2018 in
1052 1985 1137 2020 adn.
1172 1984 1295 2028 (etiam
1321 1985 1363 2018 de
1391 1983 1461 2025 Qui
1487 1983 1538 2017 mi
1564 1984 1658 2027 eooi—

133 2041 243 2081 tans),
270 2037 500 2072 Ribbeekius.
551 2035 645 2071 Mihi
671 2036 735 2081 qui
759 2036 962 2072 maledicas
995 2038 1214 2082 improbavit
1239 2038 1454 2081 Kaempfz'us
1491 2037 1533 2072 de
1552 2048 1660 2081 pron.

129 2104 167 2137 p.
194 2094 241 2127 34
266 2092 309 2126 ob
341 2091 636 2137 allitterationem
669 2091 774 2135 (quae
814 2091 866 2125 sic
896 2091 1043 2125 minime
1074 2091 1199 2134 cessat)
1220 2101 1487 2135 pronomenque
1519 2091 1663 2133 elatum,

133 2146 229 2190 quod
254 2145 332 2179 alia
357 2144 590 2179 collocatione
609 2144 695 2179 item
720 2145 868 2187 effertur
893 2145 933 2178 in
952 2145 1066 2179 simili
1089 2144 1267 2179 sententia
1292 2155 1321 2178 v.
1340 2146 1422 2178 374.
1450 2163 1493 2168 ——
1520 2142 1660 2178 homini

134 2198 194 2232 hic
219 2198 352 2243 ignoto
378 2197 541 2232 insciens
567 2208 648 2232 cum
675 2197 740 2232 Bb
769 2197 1010 2232 Camerarius.
1060 2197 1202 2233 homini
1226 2197 1354 2242 ignoto
1381 2197 1538 2232 insciens
1568 2197 1660 2232 Gru—

135 2256 232 2286 terus
258 2251 453 2297 (probante
474 2250 657 2293 Vahleno,
683 2252 747 2295 qui
772 2252 821 2285 acl
845 2251 1089 2294 formularum
1116 2251 1227 2286 ‘solus
1252 2251 1333 2285 soli'
1371 2251 1512 2285 ‘absens
1537 2251 1660 2285 absen-

134 2305 214 2340 tem’
248 2305 525 2341 similitudinem
550 2316 756 2349 provocans
785 2305 970 2341 ‘insciens’
1000 2321 1043 2333 =
1070 2305 1216 2349 iqnotus
1242 2314 1313 2339 esse
1340 2315 1444 2349 posse
1470 2316 1659 2349 perperam

132 2359 303 2402 sumpsit:
329 2358 476 2393 debebat
501 2368 590 2394 esse:
621 2358 764 2394 homini
789 2359 918 2404 ignoto
944 2357 1087 2392 nescius
1121 2357 1176 2393 vel
1200 2357 1344 2392 homini
1370 2356 1431 2392 hic
1457 2357 1582 2391 nescio
1608 2358 1661 2391 in-

134 2411 278 2451 sciens).
329 2411 381 2446 sic
406 2410 549 2446 homini
568 2410 698 2457 ignoto
725 2413 844 2447 sciens
864 2411 912 2446 R.
940 2409 1083 2446 homini
1108 2410 1168 2444 hic
1190 2410 1320 2455 ignoto
1348 2409 1466 2445 sciens
1486 2410 1663 2445 Brit-ius.-

133 2466 179 2507 ef.
219 2464 419 2499 Muellerus
458 2464 562 2500 Pros.
595 2476 635 2509 p.
672 2468 753 2501 531.
806 2466 858 2500 sic
897 2463 1040 2498 homini
1076 2463 1204 2508 ignoto
1243 2463 1406 2498 insolens
1445 2463 1662 2498 Itibbecl·in.s

130 2529 169 2563 p.
198 2519 279 2553 539.
330 2517 405 2552 Pro
438 2517 498 2552 hic
529 2518 618 2553 noto
653 2522 719 2554 aut
750 2517 810 2553 hie
843 2517 974 2563 ignoto
1001 2521 1066 2552 aut
1100 2517 1161 2551 hic
1186 2517 1311 2552 nescio
1339 2517 1566 2552 scribendam
1592 2528 1659 2551 esse

133 2582 246 2616 neque
270 2571 345 2606 ullo
370 2571 473 2606 modo
499 2571 560 2607 hic
586 2576 651 2607 aut
677 2573 788 2607 deleri
814 2574 879 2606 aut
903 2571 1042 2605 mutari
1061 2581 1165 2615 posse
1190 2571 1410 2605 demonstrat
1435 2581 1465 2605 υ.
1494 2572 1566 2603 635
1591 2570 1661 2604 hue

135 2625 330 2668 respiciens
355 2624 614 2670 (‘pere9rinum
633 2626 738 2661 aibas
761 2635 832 2660 esse
843 2624 924 2667 te’):
951 2624 1045 2669 quod
1064 2634 1137 2658 non
1159 2624 1363 2668 intellegens
1390 2623 1453 2657 illo
1473 2623 1547 2657 loco
1571 2623 1661 2656 male

135 2678 178 2712 de
201 2677 419 2712 recensionis
453 2678 659 2714 diversitate
688 2679 860 2725 coqitavit
886 2677 1196 2721 Sonnenburqius.
1249 2676 1352 2721 Quod
1384 2679 1467 2710 ante
1501 2674 1660 2709 insciens

135 2730 293 2765 clistinaei
318 2730 366 2773 cf.
395 2730 474 2765 Ter.
503 2730 647 2766 Phorm.
677 2734 735 2767 59.

255 2786 334 2819 497.
361 2783 471 2828 (dari)
504 2784 662 2820 Postea?
702 2785 767 2819 PE.
801 2783 1048 2827 eamquidem
1084 2782 1323 2817 Camerarius.
1366 2781 1496 2824 (dariP)
1535 2780 1659 2816 Posce.

136 2836 203 2870 PE.
230 2846 312 2870 eam
339 2833 489 2879 quidem
514 2835 671 2871 Bothius
695 2836 829 2882 (dari?)
861 2836 927 2871 PE.
954 2836 1046 2870 Pax:
1080 2846 1161 2870 eam
1195 2834 1343 2878 quidem
1378 2833 1415 2868 'R
1441 2835 1658 2869 dubitcmter.

137 2888 203 2924 ΡΕ.
231 2889 346 2924 Istam
383 2888 534 2932 quidem
566 2888 748 2925 Vahlenus
786 2891 871 2926 olim
909 2891 1101 2935 (probante
1133 2892 1163 2923 et
1195 2888 1330 2922 Brivio
1364 2891 1395 2922 et
1427 2887 1585 2922 Luchs-io
1620 2889 1658 2922 in

138 2942 295 2977 Studem.
323 2941 428 2977 Stud.
456 2941 483 2975 I
497 2953 536 2987 p.
565 2945 615 2987 7),
647 2945 722 2979 iam
748 2947 886 2979 servato
912 2943 1003 2977 Post
1029 2953 1111 2977 eam
1145 2940 1293 2986 quidem
1329 2941 1394 2975 (sic
1419 2941 1523 2975 etiam
1550 2940 1660 2976 Bent-
