1946 3344
111 241 127 274 Ι
152 245 184 284 2,
210 243 349 273 22—32
737 235 1006 272 BACOHIDES
1579 236 1634 276 23

110 348 250 404 Magis
283 350 414 389 unum
447 347 490 387 in
519 348 752 388 mentemst
784 343 896 387 mihi
921 360 1046 400 nunc,
1079 345 1185 388 satis
1211 348 1259 387 ut
1284 346 1505 387 commode
1570 356 1636 387 130

111 418 194 460 Pro
227 416 439 473 dignitate
472 417 626 472 opsoni
656 417 763 459 haec
795 418 996 459 concuret
1028 431 1196 472 coquos.
1251 465 1255 468 .

811 510 932 544 Lvnvs

110 571 201 613 Iam
234 571 459 626 perdidisti
491 574 532 612 te
566 572 694 626 atque
726 586 794 613 me
827 574 955 625 atque
988 571 1164 625 operam
1195 585 1352 625 meam,

110 642 191 692 Qui
222 642 308 683 tibi
339 643 599 697 nequiquam
632 644 760 697 saepe
791 640 1037 684 monstraul'
1065 641 1184 683 bene.

749 735 988 770 PrsTocLERvs

109 797 269 839 Ibidem
305 797 383 852 ego
417 811 557 838 meam
590 811 765 851 operam
797 796 982 851 perdidi,
1013 796 1087 837 ubi
1119 794 1167 838 tii
1199 798 1336 838 tuam:

108 868 200 911 Tua
232 867 459 923 disciplina
490 869 569 910 ne'c
603 868 709 910 mihi
741 867 918 923 prodest
948 869 1027 909 ne'c
1057 868 1150 909 tibi.
1567 880 1633 910 135

804 961 926 995 LYDvs

109 1011 144 1053 O
175 1011 465 1066 praeligatum
497 1012 659 1066 pectus.

750 1067 992 1103 PISTOCLERVS

687 1129 871 1171 Odiosus
904 1128 1063 1170 mihi’s:

109 1201 220 1243 Tace
254 1202 383 1257 atque
416 1215 611 1256 sequere,
643 1199 780 1255 Ljde,
811 1215 892 1241 me.

807 1293 928 1328 LYovs

476 1401 481 1405 ‚
887 1354 994 1396 Illuc
1027 1353 1086 1396 sss
1117 1354 1230 1396 uide:

106 1429 206 1471 Non
239 1427 539 1483 paedagogum
572 1426 658 1468 iam
691 1440 776 1480 me,
809 1425 883 1467 sed
916 1425 1079 1480 Lydum
1112 1429 1248 1468 uocat.

744 1519 986 1554 Pls'rocLERvs

106 1584 206 1626 Non
237 1585 315 1637 patr
347 1581 515 1624 uidetur
544 1581 682 1636 neque
714 1580 771 1622 sit
802 1582 1154 1635 consentaneum,

107 1656 245 1705 Quom
277 1655 382 1695 haec
413 1652 528 1694 intus
561 1653 649 1694 sint
681 1655 724 1694 et
756 1653 887 1707 quom
920 1667 1016 1694 erus
1050 1667 1144 1694 cum
1177 1652 1314 1694 amica
1347 1654 1525 1695 accubet
1568 1664 1633 1696 140

202 1799 279 1830 134.
320 1795 462 1830 Charis.
496 1805 534 1839 p.
573 1796 658 1829 201.
698 1795 767 1829 23:
805 1792 980 1827 Ibidem
1012 1793 1204 1828 Plautus
1236 1793 1274 1828 in
1306 1793 1630 1830 Bacchidibus:

109 1849 298 1884 ‘ibidem
326 1876 362 1884 ..
385 1875 392 1882 .
419 1847 562 1883 tuam’

203 1984 281 2015 130.
319 1979 358 2013 in
390 1979 592 2014 mentemst
623 1978 845 2013 Ritscheh'us
876 1978 918 2012 in
950 1978 1202 2021 adnotatione,
1235 1978 1489 2014 Fleckeisenus
1509 1981 1632 2024 praef.

107 2034 240 2069 Bacch.
261 2045 300 2078 p.
332 2033 435 2067 XII.
468 2032 507 2066 in
534 2032 695 2066 mentest
720 2031 774 2073 B,
807 2031 1036 2067 Ritschelius.
1070 2032 1109 2066 in
1135 2032 1260 2067 mente
1286 2033 1344 2067 est
1368 2033 1557 2069 ])2OFZ.
1594 2033 1633 2067 in

108 2089 233 2123 mente
259 2086 314 2121 D¹
406 2086 494 2120 Post
518 2086 681 2119 mentest
705 2095 839 2120 rasura
864 2085 947 2120 circ.
971 2088 993 2120 7
1019 2086 1086 2120 litt.
1113 2086 1154 2120 in
1179 2086 1216 2119 B
1315 2090 1392 2121 131.
1420 2087 1566 2131 opsonii
1586 2087 1632 2121 B.

109 2139 252 2176 obsonii
275 2139 438 2174 GDFZ
509 2139 579 2173 hoc
598 2138 755 2173 Bothius
828 2138 1022 2173 concurret
1048 2137 1087 2171 F
1158 2149 1265 2173 cocus
1292 2138 1465 2174 BGDF.
1494 2152 1633 2184 coquus

108 2194 141 2228 Z
261 2197 337 2228 133.
365 2193 591 2236 nequiquam
617 2191 745 2226 BOD.
772 2191 1020 2236 nequicquam
1048 2190 1131 2224 FZ
1243 2202 1330 2236 sepe
1356 2192 1525 2228 BGDF

108 2246 329 2282 monstrauit
355 2246 386 2281 G
503 2246 812 2290 Interrogatiom's
837 2246 981 2289 sianum
1002 2245 1109 2288 ponit
1142 2245 1333 2290 Ussinyius
1457 2252 1535 2282 134.
1563 2260 1631 2293 ego

110 2312 231 2336 meam
259 2311 412 2346 operam
437 2298 583 2345 perdidi
608 2298 672 2333 ubi
698 2299 734 2333 B
759 2310 839 2334 cum
866 2299 1044 2333 Charisia.
1072 2309 1192 2333 meam
1218 2310 1370 2344 operam
1397 2301 1544 2345 perdidi
1569 2301 1633 2336 ubi

110 2354 278 2390 GDFZ.
320 2365 441 2389 meam
477 2364 627 2398 operam
659 2352 805 2398 perdidi
838 2363 925 2397 ego,
954 2351 1017 2385 ubi
1050 2351 1280 2387 Ritsehelizcs.
1327 2364 1447 2388 meam
1482 2366 1633 2399 operam

108 2407 253 2454 perdidi
287 2407 371 2442 cubi
402 2407 495 2442 idem
530 2406 659 2450 Opuse.
685 2407 752 2441 vol.
781 2407 863 2440 III
884 2417 922 2450 p.
950 2407 1022 2440 137
1047 2405 1135 2440 duce
1167 2406 1324 2451 Berykio
1350 2407 1465 2442 Beitr.
1488 2419 1526 2452 p.
1549 2412 1630 2443 119.

109 2462 248 2496 hiatum
274 2464 449 2496 eaecusant
474 2460 736 2495 Lachmanmcs
761 2460 804 2494 in
828 2459 938 2495 Lucr.
964 2471 998 2503 p.
1023 2462 1097 2493 387
1123 2462 1156 2494 et
1182 2459 1363 2495 Luclesius
1390 2461 1633 2496 Studemundi

112 2514 215 2550 Stud.
243 2515 309 2550 vol.
338 2516 365 2548 I
382 2525 423 2559 p.
449 2517 519 2556 23,
545 2514 608 2548 via:
632 2517 724 2548 recte
854 2517 929 2547 135.
959 2523 1025 2547 nec
1051 2511 1119 2546 tibi
1145 2512 1232 2547 BZ.
1262 2525 1379 2557 neque
1405 2513 1474 2548 tibi
1501 2515 1633 2558 reliqui

204 2573 282 2603 136.
309 2567 537 2615 preligatum
563 2567 598 2600 B
626 2569 666 2612 (p
693 2578 736 2602 ea:
762 2579 784 2612 p
811 2578 945 2602 rasura
970 2568 1071 2609 faeta
1098 2568 1220 2609 corn).
1248 2566 1473 2612 preligatum
1503 2568 1628 2602 GDF.

110 2621 334 2666 pei-ligatum
361 2622 395 2655 Z
488 2619 581 2654 mihi
609 2630 647 2654 cs
674 2620 760 2655 libri
883 2624 959 2655 137.
988 2631 1030 2654 ac
1058 2619 1137 2653 FZ
1238 2620 1313 2654 lide
1339 2620 1459 2655 BOD
1562 2621 1631 2654 sise

110 2685 200 2709 corr.
226 2675 267 2709 in
293 2673 342 2709 sis
368 2673 415 2709 B.
442 2673 512 2709 scis
540 2673 574 2707 Z
695 2678 771 2708 138.
805 2673 1042 2719 pedagogum
1069 2673 1155 2708 libri
1275 2672 1392 2707 lidum
1420 2674 1537 2707 1301)

114 2731 190 2763 139.
226 2727 353 2762 uidere
386 2727 421 2761 Z
594 2731 670 2761 140.
705 2727 824 2768 Quom
862 2727 954 2762 haec
989 2727 1088 2761 intus
1128 2726 1203 2761 sint
1234 2727 1374 2771 scripsi.
1416 2726 1506 2760 Cum
1539 2727 1631 2761 haec

110 2780 208 2815 intus
235 2780 284 2814 sit
310 2782 356 2815 B.
385 2779 474 2814 Cum
502 2781 593 2815 haec
620 2779 718 2815 intus
745 2779 846 2814 intus
873 2779 923 2815 sit
944 2780 1034 2822 01),
1060 2781 1136 2814 m'si
1160 2781 1254 2824 quod
1279 2780 1347 2813 hec
1374 2780 1421 2813 1).
1450 2778 1538 2813 Cum
1572 2779 1632 2814 hic

110 2833 208 2867 intus
235 2833 284 2868 sit
310 2833 402 2876 FZ,
428 2833 648 2868 Ritschelius
668 2834 744 2868 coll.
769 2834 908 2879 Proley.
935 2834 1037 2868 Trin.
1064 2845 1100 2877 p.
1124 2832 1377 2867 CLXXXII.
1406 2832 1496 2865 Cum
1523 2831 1632 2866 herus

111 2886 171 2920 hic
196 2887 294 2921 intus
321 2887 368 2921 sit
391 2887 532 2932 Pylade
557 2888 646 2922 duee
668 2886 910 2922 Camerarius.
939 2886 1029 2921 Cum
1050 2885 1112 2920 hic
1134 2885 1232 2919 intus
1260 2896 1341 2918 crus
1365 2884 1412 2918 sit
1432 2884 1632 2919 Muellerus

112 2940 261 2975 Nachtr.
285 2952 323 2985 p.
352 2943 402 2976 87
427 2952 506 2976 cum
533 2940 730 2975 Bitschelz‘o
756 2940 848 2975 Nov.
877 2951 949 2975 eoee.
976 2951 1010 2984 p.
1041 2944 1098 2974 69.
1129 2938 1246 2980 Quom
1275 2935 1436 2981 ephebus
1463 2936 1561 2971 intus
1583 2937 1632 2972 sit

124 2993 300 3028 Vahlenus
326 2994 483 3029 Hermae
514 2995 581 3029 vol.
613 2993 693 3027 XV
719 3004 766 3036 (a.
794 2995 910 3035 1550)
940 3004 977 3036 p.
1005 2995 1089 3027 259.
1125 2991 1243 3033 Quom
1271 3001 1353 3024 crus
1380 2989 1418 3024 in
1445 2992 1630 3026 conuentu
