1946 3344
796 169 1068 205 PRAEFATIO
1654 169 1705 202 XI

176 284 359 340 possim,
393 283 454 324 eis
487 296 595 337 quae
629 281 805 323 aliunde
841 282 1061 335 comperta
1091 279 1231 321 habeo
1265 278 1460 320 efficitur.
1510 276 1624 318 Nam
1658 292 1707 318 ex

171 355 360 410 quinque
401 353 516 395 foliis
555 353 642 395 illis
684 368 780 395 cum
818 352 956 394 tribus
990 351 1232 406 Geppertus
1270 352 1419 405 postea
1458 349 1600 392 locum
1640 349 1706 389 de-

173 425 416 483 signaverit
449 423 626 481 (quibus
660 439 792 467 uncos
825 423 940 465 infra
972 421 1172 478 adposui)
1204 437 1291 464 non
1324 421 1510 463 definitis
1542 435 1582 474 p.
1608 419 1706 460 425.

156 496 308 539 ⁷426ss
349 499 392 538 et
428 496 527 538 469.
571 495 707 538 4700
749 494 842 552 (ubi
883 495 1053 536 litteras
1095 492 1175 536 BC
1216 493 1456 549 Geppertus
1502 491 1705 532 adiecisse

172 566 374 624 videtur),
397 567 551 609 horum
572 567 775 609 foliorum
798 567 980 609 alterum
1001 565 1297 620 quaternionis
1318 562 1499 605 LXXXI
1520 563 1705 617 primum

123 684 128 687 ,
175 653 278 693 esse,
312 639 496 680 alterum
522 639 716 694 proxime
742 637 1029 693 praecessisse
1055 652 1094 691 p.
1116 636 1215 678 387.
1249 636 1333 678 388
1355 636 1401 677 in
1423 633 1704 690 quaternione

171 709 396 752 LXXXIII
429 709 527 751 inde
562 710 730 765 colligo,
763 709 876 764 quod
910 707 1226 750 Studemundus
1260 707 1362 748 data
1394 706 1616 748 occasione
1650 704 1703 746 ad

170 796 207 824 v.
241 781 325 823 257
361 784 405 823 et
436 781 489 823 ad
522 796 559 823 v.
596 781 679 823 702
721 781 917 835 singulas
951 779 1229 821 Ambrosiani
1271 778 1503 833 scripturas
1543 776 1702 818 attulit.

171 853 313 908 Atque
344 853 464 908 prius
497 852 606 894 illud
638 852 736 893 inde
769 853 906 907 patet,
946 851 1060 921 quod
1093 852 1256 892 eertum
1290 852 1355 891 est
1386 851 1487 903 post
1518 847 1702 889 Pseudo-

167 925 256 965 lum
289 924 349 966 sie
381 924 592 978 incepisse
625 923 867 965 Rudentem
899 921 944 963 in
978 921 1261 976 quaternione
1292 919 1472 961 LXXX:

387 1008 484 1049 389.
508 1007 594 1049 390
612 1027 664 1040 =
682 1005 833 1047 Pseud.
852 1005 963 1047 1313
986 1030 1033 1034 —-
1056 1005 1181 1046 1326.
1207 1004 1318 1046 1326
1336 1028 1390 1033 -
1407 1003 1532 1044 inser.
1554 1001 1665 1042 Rud.

390 1081 436 1120 A.
471 1094 496 1119 a

387 1149 435 1192 B.
469 1150 494 1191 b

333 1162 430 1401 ((0.
466 1235 487 1261 c

388 1291 436 1332 D.
471 1292 496 1333 d

388 1363 435 1404 E.
470 1378 490 1403 e

386 1433 430 1475 F.
464 1434 484 1475 f

385 1506 485 1547 403.
506 1506 592 1547 404
609 1526 663 1539 =
679 1505 954 1547 31111199-
974 1506 1072 1547 210.
1093 1507 1177 1547 217
1203 1531 1250 1535 -
1271 1504 1420 1562 2303).

288 1583 381 1625 Iam
415 1598 509 1625 cum
542 1598 630 1625 non
663 1584 804 1625 minus
837 1589 999 1625 certum
1028 1583 1085 1625 sit
1111 1586 1211 1637 post
1237 1583 1477 1627 Rudentem
1505 1588 1699 1630 Stichum

168 1655 379 1709 incepisse
412 1670 436 1696 a
467 1655 595 1709 pleno
629 1655 911 1710 quaternione
944 1653 1261 1711 LXXXVlssss),
1300 1656 1488 1712 quinque
1530 1663 1699 1714 quater-

167 1726 322 1767 niones
349 1726 772 1768 LXXX—LXXXV
800 1726 1061 1768 continuisse
1093 1726 1290 1768 videntur
1317 1727 1526 1771 Rudentis
1554 1747 1699 1774 versus

167 1797 453 1839 231—1423:
485 1797 529 1839 id
562 1798 675 1853 quod
707 1798 822 1840 credi
853 1797 976 1839 nullo
1008 1798 1134 1839 modo
1167 1800 1321 1853 potest.
1372 1798 1440 1841 Sic
1475 1801 1588 1843 enim
1616 1803 1696 1844 sin-

169 1868 260 1923 guli
299 1869 622 1923 quaterniones,
662 1869 850 1911 medium
886 1870 922 1910 si
960 1869 1170 1911 efficimus
1210 1884 1452 1926 numerum,
1490 1873 1576 1915 238
1610 1874 1697 1916 fere

167 1954 317 1981 versus
351 1943 570 1996 caperent,
602 1955 697 1983 cum
730 1941 928 1983 undecim
962 1941 1309 1996 quaternionum,
1343 1957 1524 1997 quorum
1551 1960 1699 1987 versus

165 2067 292 2103 Ambr.
326 2069 381 2104 ed.
407 2069 507 2114 Lips.
541 2082 572 2105 a.
603 2074 690 2105 1847
725 2082 760 2115 p.
794 2073 839 2104 24
855 2071 936 2115 sq).
995 2070 1191 2115 Vssingius
1225 2082 1315 2106 sane
1349 2083 1468 2116 neque
1501 2073 1699 2110 Ritschelii

165 2122 366 2166 epistulam
391 2121 575 2158 famosam
593 2134 715 2167 neque
737 2123 981 2168 posteriorem
1002 2123 1179 2169 Gepperti
1200 2135 1351 2169 operam
1372 2126 1537 2171 respexit
1557 2127 1643 2170 (vol.
1665 2128 1697 2162 V

165 2175 220 2209 ed.
249 2186 280 2210 a.
310 2179 400 2211 1886
426 2188 460 2221 p.
489 2179 584 2222 462).
613 2176 720 2219 Quod
747 2187 833 2212 vero
862 2175 1069 2221 Geppertus
1096 2177 1120 2211 1.
1148 2188 1175 2212 s.
1197 2189 1224 2212 s,
1251 2190 1286 2223 p.
1309 2182 1352 2213 26
1381 2181 1509 2214 eontra
1529 2180 1696 2217 Ritsche-

164 2228 255 2262 lium
281 2229 484 2265 affirmavit
515 2242 550 2275 p.
581 2234 659 2264 111.
695 2233 760 2264 112
794 2239 1031 2273 nequaquam
1059 2231 1253 2266 commode
1285 2231 1361 2277 legi
1387 2244 1512 2277 posse,
1547 2236 1696 2279 egregie

164 2281 312 2316 erravit.
354 2282 448 2318 Item
475 2296 510 2328 p.
538 2287 617 2318 373.
645 2287 713 2318 374t
740 2284 777 2317 et
803 2286 857 2317 97.
887 2287 930 2317 98
957 2285 995 2318 et
1015 2286 1084 2318 404
1110 2284 1290 2319 maiorem
1310 2297 1384 2320 non
1403 2287 1583 2330 praebent
1603 2289 1695 2322 diffi-

165 2333 359 2371 cultatem:
395 2337 519 2372 cetera
552 2337 775 2372 difficillima
808 2338 892 2371 sunt
927 2338 965 2372 et
1001 2337 1126 2373 media
1156 2337 1233 2373 fere
1265 2339 1347 2373 tota
1378 2340 1584 2383 perierunt,
1625 2342 1695 2375 nisi

165 2388 263 2432 quod
289 2401 324 2433 p.
354 2393 433 2425 387.
461 2393 528 2426 388
556 2390 726 2426 nonnulli
753 2390 889 2425 saltem
916 2402 1043 2426 versus
1068 2390 1252 2435 pleniores
1279 2394 1433 2427 restant.

262 2442 296 2488 *)
317 2442 456 2478 Prioris
476 2444 637 2488 paginae
664 2444 807 2478 numeri
834 2443 887 2479 ita
913 2444 1012 2479 effici
1032 2444 1216 2488 videntur,
1242 2446 1284 2479 ut
1309 2444 1371 2479 lin.
1396 2449 1487 2480 1—4
1508 2464 1552 2475 z
1573 2460 1604 2482 v.
1632 2453 1694 2483 199

167 2498 280 2530 -202
308 2495 395 2530 dim.
425 2497 464 2541 [l.
493 2502 512 2532 5
541 2515 584 2526 =
611 2501 679 2533 202
707 2498 794 2532 dim.
822 2501 902 2541 203,
929 2497 953 2533 l.
981 2502 1000 2532 6
1029 2515 1072 2526 =
1100 2510 1131 2532 v.
1161 2502 1228 2533 206
1256 2497 1373 2544 dim.]‚
1401 2499 1424 2533 l.
1454 2504 1472 2534 7
1501 2517 1544 2528 =
1570 2512 1602 2536 V.
1626 2505 1692 2535 2013

163 2547 264 2592 dim„
292 2548 330 2594 [l.
358 2552 476 2585 8—-13
503 2568 547 2580 =
575 2562 608 2585 V.
636 2555 717 2586 204.
746 2554 824 2585 205.
846 2551 1051 2597 207—210]
1079 2551 1101 2586 l.
1128 2555 1170 2586 14
1192 2569 1234 2581 =
1256 2556 1386 2596 v.211,
1413 2553 1435 2588 l.
1460 2557 1501 2587 15
1519 2559 1692 2589 =v.21‘.3

166 2601 206 2646 [l.
234 2605 372 2637 16—18
399 2615 432 2638 v.
459 2607 646 2639 213-216
668 2604 784 2649 dim.]‚
812 2604 834 2637 l.
864 2608 906 2639 19
929 2622 972 2633 =
996 2617 1026 2639 v.
1048 2608 1116 2640 216
1142 2604 1230 2640 dim.
1269 2604 1536 2641 continuerint:
1565 2620 1691 2651 quam—

164 2666 275 2698 quam
307 2656 540 2701 perdifficilis
578 2659 636 2692 est
665 2660 704 2692 et
735 2657 915 2703 perdubia
948 2657 1190 2702 reliquiarum
1222 2659 1330 2693 huius
1368 2659 1528 2703 paginae
1568 2660 1690 2697 lectio.

163 2707 327 2743 Alterius
351 2710 514 2755 paginae
539 2710 683 2746 numeri
709 2713 879 2746 constant
903 2713 1079 2756 quattuor
1099 2711 1265 2747 versibus
1286 2714 1381 2757 (220.
1404 2716 1483 2747 221.
1506 2716 1585 2747 225.
1609 2718 1690 2758 227)

164 2761 354 2807 bipartitis
381 2765 418 2798 et
444 2763 588 2799 duobus
615 2764 851 2810 inscriptioni
877 2765 1109 2801 vacantibus.

257 2815 314 2861 **)
341 2816 472 2861 Neque
499 2816 598 2852 enim
625 2818 879 2862 quaternionis
906 2818 1092 2853 LXXXVI
1118 2820 1275 2863 primam
1303 2818 1478 2863 paginam
1506 2820 1690 2857 ltudentis

164 2869 301 2903 exitum
328 2870 542 2914 praebuisse
569 2871 629 2916 (cf.
657 2871 882 2906 Ritsehelius
907 2871 1055 2917 Parcrg.
1084 2873 1098 2906 1
1125 2885 1158 2917 p.
1182 2876 1275 2914 261),
1303 2882 1375 2906 non
1402 2873 1457 2905 est
1481 2873 1579 2915 quod
1607 2877 1689 2919 post

165 2921 459 2958 Studemundum
485 2923 748 2969 Loewiumque
776 2936 964 2960 moneam:
993 2925 1037 2961 ef.
1065 2925 1180 2970 praef.
1209 2924 1344 2959 Stichi²
1371 2936 1405 2969 p.
1437 2925 1512 2960 VII.
