<?xml version="1.0" encoding="UTF-8"?>
<!DOCTYPE html PUBLIC "-//W3C//DTD XHTML 1.0 Transitional//EN"
    "http://www.w3.org/TR/xhtml1/DTD/xhtml1-transitional.dtd">
<html xmlns="http://www.w3.org/1999/xhtml" xml:lang="en" lang="en">
 <head>
  <title>
</title>
<meta http-equiv="Content-Type" content="text/html;charset=utf-8" />
  <meta name='ocr-system' content='tesseract 3.04.00' />
  <meta name='ocr-capabilities' content='ocr_page ocr_carea ocr_par ocr_line ocrx_word'/>
</head>
<body>
  <div class='ocr_page' id='page_1' title='image "./comoediaerecensv03plauuoft_0350.png"; bbox 0 0 1946 3344; ppageno 0'>
   <div class='ocr_carea' id='block_1_1' title="bbox 260 179 1157 218">
    <p class='ocr_par' dir='ltr' id='par_1_1' title="bbox 260 179 1157 218">
     <span class='ocr_line' id='line_1_1' title="bbox 260 179 1157 218; baseline -0.004 0"><span class='ocrx_word' id='word_1_1' title='bbox 260 182 363 218; x_wconf 83' lang='lat' dir='ltr'>XXII</span> <span class='ocrx_word' id='word_1_2' title='bbox 880 179 1157 215; x_wconf 79' lang='lat' dir='ltr'><strong>PRAEFATIO</strong></span> 
     </span>
    </p>
   </div>
   <div class='ocr_carea' id='block_1_2' title="bbox 260 287 1799 2840">
    <p class='ocr_par' dir='ltr' id='par_1_2' title="bbox 260 287 1792 842">
     <span class='ocr_line' id='line_1_2' title="bbox 379 287 1786 345; baseline -0.004 -12"><span class='ocrx_word' id='word_1_3' title='bbox 379 291 572 345; x_wconf 90' lang='lat' dir='ltr'>Denique</span> <span class='ocrx_word' id='word_1_4' title='bbox 612 290 822 332; x_wconf 87' lang='lat' dir='ltr'>calculum</span> <span class='ocrx_word' id='word_1_5' title='bbox 862 289 981 331; x_wconf 87' lang='lat' dir='ltr'>addit</span> <span class='ocrx_word' id='word_1_6' title='bbox 1020 291 1235 330; x_wconf 80' lang='lat' dir='ltr'>extremus</span> <span class='ocrx_word' id='word_1_7' title='bbox 1274 287 1445 329; x_wconf 85' lang='lat' dir='ltr'>fabulae</span> <span class='ocrx_word' id='word_1_8' title='bbox 1486 302 1632 329; x_wconf 84' lang='lat' dir='ltr'>versus</span> <span class='ocrx_word' id='word_1_9' title='bbox 1675 288 1786 329; x_wconf 88' lang='lat'>1423</span> 
     </span>
     <span class='ocr_line' id='line_1_3' title="bbox 262 359 1787 415; baseline -0.005 -9"><span class='ocrx_word' id='word_1_10' title='bbox 262 364 409 406; x_wconf 87' lang='lat' dir='ltr'>eodem</span> <span class='ocrx_word' id='word_1_11' title='bbox 450 364 543 405; x_wconf 90' lang='lat' dir='ltr'>loco</span> <span class='ocrx_word' id='word_1_12' title='bbox 584 361 825 415; x_wconf 76' lang='lat' dir='ltr'>dehiscens,</span> <span class='ocrx_word' id='word_1_13' title='bbox 864 376 946 415; x_wconf 89' lang='lat' dir='ltr'>quo</span> <span class='ocrx_word' id='word_1_14' title='bbox 987 375 1023 402; x_wconf 91' lang='lat' dir='ltr'>v.</span> <span class='ocrx_word' id='word_1_15' title='bbox 1060 360 1172 401; x_wconf 80' lang='lat'>1404</span> <span class='ocrx_word' id='word_1_16' title='bbox 1210 373 1277 413; x_wconf 67' lang='lat' dir='ltr'>eqo</span> <span class='ocrx_word' id='word_1_17' title='bbox 1314 361 1413 413; x_wconf 86' lang='lat' dir='ltr'>post</span> <span class='ocrx_word' id='word_1_18' title='bbox 1450 360 1542 401; x_wconf 73' lang='lat' dir='ltr'>nolo</span> <span class='ocrx_word' id='word_1_19' title='bbox 1580 359 1787 400; x_wconf 88' lang='lat' dir='ltr'>omissum</span> 
     </span>
     <span class='ocr_line' id='line_1_4' title="bbox 262 430 1788 486; baseline -0.004 -10"><span class='ocrx_word' id='word_1_20' title='bbox 262 450 354 476; x_wconf 87' lang='lat' dir='ltr'>esse</span> <span class='ocrx_word' id='word_1_21' title='bbox 399 450 448 475; x_wconf 81' lang='lat' dir='ltr'>ex</span> <span class='ocrx_word' id='word_1_22' title='bbox 491 433 634 475; x_wconf 91' lang='lat' dir='ltr'>Nonio</span> <span class='ocrx_word' id='word_1_23' title='bbox 680 432 956 486; x_wconf 77' lang='lat' dir='ltr'>percipimus:</span> <span class='ocrx_word' id='word_1_24' title='bbox 1004 430 1115 472; x_wconf 87' lang='lat' dir='ltr'>unde</span> <span class='ocrx_word' id='word_1_25' title='bbox 1161 431 1234 472; x_wconf 89' lang='lat' dir='ltr'>illo</span> <span class='ocrx_word' id='word_1_26' title='bbox 1281 430 1376 473; x_wconf 89' lang='lat' dir='ltr'>loco</span> <span class='ocrx_word' id='word_1_27' title='bbox 1421 430 1563 471; x_wconf 87' lang='lat' dir='ltr'>missis</span> <span class='ocrx_word' id='word_1_28' title='bbox 1609 430 1788 471; x_wconf 85' lang='lat' dir='ltr'>aliorum</span> 
     </span>
     <span class='ocr_line' id='line_1_5' title="bbox 260 501 1789 556; baseline -0.005 -8"><span class='ocrx_word' id='word_1_29' title='bbox 260 505 559 548; x_wconf 83' lang='lat' dir='ltr'>conaminibus</span> <span class='ocrx_word' id='word_1_30' title='bbox 599 519 704 545; x_wconf 88' lang='lat' dir='ltr'>sana</span> <span class='ocrx_word' id='word_1_31' title='bbox 743 503 1035 544; x_wconf 85' lang='lat' dir='ltr'>affectantium</span> <span class='ocrx_word' id='word_1_32' title='bbox 1075 502 1361 556; x_wconf 70' lang='lat' dir='ltr'>corruptelam</span> <span class='ocrx_word' id='word_1_33' title='bbox 1402 516 1452 543; x_wconf 84' lang='lat' dir='ltr'>ex</span> <span class='ocrx_word' id='word_1_34' title='bbox 1490 501 1630 542; x_wconf 90' lang='lat' dir='ltr'>medio</span> <span class='ocrx_word' id='word_1_35' title='bbox 1663 515 1789 541; x_wconf 88' lang='lat' dir='ltr'>versu</span> 
     </span>
     <span class='ocr_line' id='line_1_6' title="bbox 262 572 1787 630; baseline -0.005 -11"><span class='ocrx_word' id='word_1_36' title='bbox 262 577 532 630; x_wconf 73' lang='lat' dir='ltr'>sustulimus,</span> <span class='ocrx_word' id='word_1_37' title='bbox 577 575 650 616; x_wconf 90' lang='lat' dir='ltr'>ubi</span> <span class='ocrx_word' id='word_1_38' title='bbox 687 576 765 628; x_wconf 73' lang='lat' dir='ltr'>fiat</span> <span class='ocrx_word' id='word_1_39' title='bbox 802 589 897 616; x_wconf 91' lang='lat' dir='ltr'>cum</span> <span class='ocrx_word' id='word_1_40' title='bbox 938 576 1073 615; x_wconf 81' lang='lat' dir='ltr'>metro</span> <span class='ocrx_word' id='word_1_41' title='bbox 1113 587 1311 628; x_wconf 82' lang='lat' dir='ltr'>pugnans</span> <span class='ocrx_word' id='word_1_42' title='bbox 1349 572 1475 614; x_wconf 85' lang='lat' dir='ltr'>facile</span> <span class='ocrx_word' id='word_1_43' title='bbox 1515 587 1565 613; x_wconf 86' lang='lat' dir='ltr'>ex</span> <span class='ocrx_word' id='word_1_44' title='bbox 1604 587 1642 612; x_wconf 90' lang='lat' dir='ltr'>v.</span> <span class='ocrx_word' id='word_1_45' title='bbox 1677 572 1787 613; x_wconf 88' lang='lat'>1417</span> 
     </span>
     <span class='ocr_line' id='line_1_7' title="bbox 261 643 1788 703; baseline -0.004 -14"><span class='ocrx_word' id='word_1_46' title='bbox 261 648 395 703; x_wconf 88' lang='lat' dir='ltr'>repeti</span> <span class='ocrx_word' id='word_1_47' title='bbox 429 649 619 702; x_wconf 84' lang='lat' dir='ltr'>poterat,</span> <span class='ocrx_word' id='word_1_48' title='bbox 659 646 708 688; x_wconf 91' lang='lat' dir='ltr'>de</span> <span class='ocrx_word' id='word_1_49' title='bbox 741 662 777 688; x_wconf 88' lang='lat' dir='ltr'>v.</span> <span class='ocrx_word' id='word_1_50' title='bbox 812 648 956 687; x_wconf 88' lang='lat' dir='ltr'>autem</span> <span class='ocrx_word' id='word_1_51' title='bbox 994 645 1106 687; x_wconf 76' lang='lat'>1404</span> <span class='ocrx_word' id='word_1_52' title='bbox 1140 644 1440 686; x_wconf 88' lang='lat' dir='ltr'>observatione</span> <span class='ocrx_word' id='word_1_53' title='bbox 1472 645 1624 685; x_wconf 84' lang='lat' dir='ltr'>nostra</span> <span class='ocrx_word' id='word_1_54' title='bbox 1655 643 1788 684; x_wconf 89' lang='lat' dir='ltr'>solve-</span> 
     </span>
     <span class='ocr_line' id='line_1_8' title="bbox 261 714 1791 769; baseline -0.004 -9"><span class='ocrx_word' id='word_1_55' title='bbox 261 734 354 760; x_wconf 85' lang='lat' dir='ltr'>mus</span> <span class='ocrx_word' id='word_1_56' title='bbox 398 718 636 760; x_wconf 85' lang='lat' dir='ltr'>Hermanni</span> <span class='ocrx_word' id='word_1_57' title='bbox 676 716 875 758; x_wconf 79' lang='lat' dir='ltr'>Caesaris</span> <span class='ocrx_word' id='word_1_58' title='bbox 915 716 1245 768; x_wconf 83' lang='lat' dir='ltr'>dubitationem,</span> <span class='ocrx_word' id='word_1_59' title='bbox 1289 715 1361 769; x_wconf 85' lang='lat' dir='ltr'>qui</span> <span class='ocrx_word' id='word_1_60' title='bbox 1398 728 1637 769; x_wconf 84' lang='lat' dir='ltr'>pronomen</span> <span class='ocrx_word' id='word_1_61' title='bbox 1680 714 1791 768; x_wconf 85' lang='lat' dir='ltr'>apud</span> 
     </span>
     <span class='ocr_line' id='line_1_9' title="bbox 268 785 1792 842; baseline -0.004 -10"><span class='ocrx_word' id='word_1_62' title='bbox 268 790 455 833; x_wconf 90' lang='lat' dir='ltr'>Nonium</span> <span class='ocrx_word' id='word_1_63' title='bbox 489 789 700 842; x_wconf 84' lang='lat' dir='ltr'>additum,</span> <span class='ocrx_word' id='word_1_64' title='bbox 732 802 816 829; x_wconf 87' lang='lat' dir='ltr'>non</span> <span class='ocrx_word' id='word_1_65' title='bbox 852 787 895 828; x_wconf 91' lang='lat' dir='ltr'>in</span> <span class='ocrx_word' id='word_1_66' title='bbox 922 787 1043 828; x_wconf 88' lang='lat' dir='ltr'>libris</span> <span class='ocrx_word' id='word_1_67' title='bbox 1071 787 1276 828; x_wconf 89' lang='lat' dir='ltr'>omissum</span> <span class='ocrx_word' id='word_1_68' title='bbox 1306 800 1397 827; x_wconf 89' lang='lat' dir='ltr'>esse</span> <span class='ocrx_word' id='word_1_69' title='bbox 1423 800 1549 840; x_wconf 87' lang='lat' dir='ltr'>posse</span> <span class='ocrx_word' id='word_1_70' title='bbox 1575 785 1792 826; x_wconf 74' lang='lat' dir='ltr'>innuebat.</span> 
     </span>
    </p>

    <p class='ocr_par' dir='ltr' id='par_1_3' title="bbox 264 855 1796 1346">
     <span class='ocr_line' id='line_1_10' title="bbox 380 855 1791 914; baseline -0.004 -12"><span class='ocrx_word' id='word_1_71' title='bbox 380 861 499 903; x_wconf 88' lang='lat' dir='ltr'>Haec</span> <span class='ocrx_word' id='word_1_72' title='bbox 537 860 682 902; x_wconf 89' lang='lat' dir='ltr'>omnia</span> <span class='ocrx_word' id='word_1_73' title='bbox 721 874 978 914; x_wconf 88' lang='lat' dir='ltr'>quamquam</span> <span class='ocrx_word' id='word_1_74' title='bbox 1017 858 1161 900; x_wconf 86' lang='lat' dir='ltr'>nescio</span> <span class='ocrx_word' id='word_1_75' title='bbox 1201 872 1256 899; x_wconf 90' lang='lat' dir='ltr'>an</span> <span class='ocrx_word' id='word_1_76' title='bbox 1297 856 1500 912; x_wconf 62' lang='lat' dir='ltr'>‘quidam&#39;</span> <span class='ocrx_word' id='word_1_77' title='bbox 1539 871 1616 911; x_wconf 88' lang='lat' dir='ltr'>pro</span> <span class='ocrx_word' id='word_1_78' title='bbox 1650 855 1791 911; x_wconf 71' lang='lat' dir='ltr'>‘nugis</span> 
     </span>
     <span class='ocr_line' id='line_1_11' title="bbox 267 927 1791 989; baseline -0.005 -13"><span class='ocrx_word' id='word_1_79' title='bbox 267 932 447 989; x_wconf 79' lang='lat' dir='ltr'>argutis&#39;</span> <span class='ocrx_word' id='word_1_80' title='bbox 481 932 705 973; x_wconf 87' lang='lat' dir='ltr'>habiturus</span> <span class='ocrx_word' id='word_1_81' title='bbox 746 931 820 983; x_wconf 88' lang='lat' dir='ltr'>sit,</span> <span class='ocrx_word' id='word_1_82' title='bbox 858 929 1029 984; x_wconf 70' lang='lat' dir='ltr'>‘quibus</span> <span class='ocrx_word' id='word_1_83' title='bbox 1061 944 1148 971; x_wconf 88' lang='lat' dir='ltr'>non</span> <span class='ocrx_word' id='word_1_84' title='bbox 1181 927 1444 981; x_wconf 86' lang='lat' dir='ltr'>delectetur&#39;,</span> <span class='ocrx_word' id='word_1_85' title='bbox 1480 952 1528 957; x_wconf 88' lang='lat'><em>-</em></span> <span class='ocrx_word' id='word_1_86' title='bbox 1566 928 1649 969; x_wconf 88' lang='lat' dir='ltr'>nisi</span> <span class='ocrx_word' id='word_1_87' title='bbox 1681 927 1791 968; x_wconf 89' lang='lat' dir='ltr'>litte-</span> 
     </span>
     <span class='ocr_line' id='line_1_12' title="bbox 264 999 1796 1055; baseline -0.005 -9"><span class='ocrx_word' id='word_1_88' title='bbox 264 1005 323 1046; x_wconf 86' lang='lat' dir='ltr'>ris</span> <span class='ocrx_word' id='word_1_89' title='bbox 369 1003 541 1046; x_wconf 86' lang='lat' dir='ltr'>traditis</span> <span class='ocrx_word' id='word_1_90' title='bbox 583 1002 802 1044; x_wconf 86' lang='lat' dir='ltr'>servandis</span> <span class='ocrx_word' id='word_1_91' title='bbox 841 1002 1096 1055; x_wconf 70' lang='lat' dir='ltr'>inserviant,</span> <span class='ocrx_word' id='word_1_92' title='bbox 1143 1001 1214 1042; x_wconf 89' lang='lat' dir='ltr'>ubi</span> <span class='ocrx_word' id='word_1_93' title='bbox 1252 1000 1319 1042; x_wconf 90' lang='lat' dir='ltr'>vel</span> <span class='ocrx_word' id='word_1_94' title='bbox 1358 999 1587 1041; x_wconf 85' lang='lat' dir='ltr'>destitutas</span> <span class='ocrx_word' id='word_1_95' title='bbox 1626 999 1796 1055; x_wconf 81' lang='lat' dir='ltr'>argutia</span> 
     </span>
     <span class='ocr_line' id='line_1_13' title="bbox 268 1070 1794 1132; baseline -0.005 -15"><span class='ocrx_word' id='word_1_96' title='bbox 268 1090 406 1132; x_wconf 77' lang='lat' dir='ltr'>nugas</span> <span class='ocrx_word' id='word_1_97' title='bbox 433 1076 479 1116; x_wconf 89' lang='lat' dir='ltr'>in</span> <span class='ocrx_word' id='word_1_98' title='bbox 507 1074 669 1116; x_wconf 86' lang='lat' dir='ltr'>deliciis</span> <span class='ocrx_word' id='word_1_99' title='bbox 696 1074 844 1127; x_wconf 87' lang='lat' dir='ltr'>habet,</span> <span class='ocrx_word' id='word_1_100' title='bbox 871 1098 919 1103; x_wconf 95' lang='lat'><strong>—</strong></span> <span class='ocrx_word' id='word_1_101' title='bbox 948 1076 1093 1114; x_wconf 82' lang='lat' dir='ltr'>tamen</span> <span class='ocrx_word' id='word_1_102' title='bbox 1119 1072 1279 1127; x_wconf 89' lang='lat' dir='ltr'>liquido</span> <span class='ocrx_word' id='word_1_103' title='bbox 1306 1071 1564 1113; x_wconf 86' lang='lat' dir='ltr'>confirmant</span> <span class='ocrx_word' id='word_1_104' title='bbox 1584 1070 1794 1112; x_wconf 75' lang='lat' dir='ltr'>Rudentis</span> 
     </span>
     <span class='ocr_line' id='line_1_14' title="bbox 270 1142 1793 1198; baseline -0.005 -9"><span class='ocrx_word' id='word_1_105' title='bbox 270 1147 521 1190; x_wconf 82' lang='lat' dir='ltr'>memoriam</span> <span class='ocrx_word' id='word_1_106' title='bbox 554 1145 691 1187; x_wconf 88' lang='lat' dir='ltr'>redire</span> <span class='ocrx_word' id='word_1_107' title='bbox 725 1145 777 1186; x_wconf 90' lang='lat' dir='ltr'>ad</span> <span class='ocrx_word' id='word_1_108' title='bbox 812 1144 1111 1198; x_wconf 83' lang='lat' dir='ltr'>archetypum,</span> <span class='ocrx_word' id='word_1_109' title='bbox 1144 1144 1217 1198; x_wconf 86' lang='lat' dir='ltr'>qui</span> <span class='ocrx_word' id='word_1_110' title='bbox 1249 1143 1405 1198; x_wconf 82' lang='lat' dir='ltr'>viginti</span> <span class='ocrx_word' id='word_1_111' title='bbox 1437 1156 1582 1183; x_wconf 88' lang='lat' dir='ltr'>versus</span> <span class='ocrx_word' id='word_1_112' title='bbox 1615 1142 1658 1182; x_wconf 91' lang='lat' dir='ltr'>in</span> <span class='ocrx_word' id='word_1_113' title='bbox 1692 1156 1793 1183; x_wconf 88' lang='lat' dir='ltr'>una-</span> 
     </span>
     <span class='ocr_line' id='line_1_15' title="bbox 271 1212 1796 1274; baseline -0.005 -13"><span class='ocrx_word' id='word_1_114' title='bbox 271 1234 438 1274; x_wconf 85' lang='lat' dir='ltr'>quaque</span> <span class='ocrx_word' id='word_1_115' title='bbox 466 1218 626 1273; x_wconf 82' lang='lat' dir='ltr'>pagina</span> <span class='ocrx_word' id='word_1_116' title='bbox 652 1216 853 1257; x_wconf 87' lang='lat' dir='ltr'>habuerit</span> <span class='ocrx_word' id='word_1_117' title='bbox 879 1214 945 1271; x_wconf 75' lang='lat' dir='ltr'>(ut</span> <span class='ocrx_word' id='word_1_118' title='bbox 971 1215 1237 1270; x_wconf 80' lang='lat' dir='ltr'>undeviginti</span> <span class='ocrx_word' id='word_1_119' title='bbox 1257 1212 1317 1269; x_wconf 84' lang='lat' dir='ltr'>A)</span> <span class='ocrx_word' id='word_1_120' title='bbox 1346 1214 1499 1268; x_wconf 86' lang='lat' dir='ltr'>quique</span> <span class='ocrx_word' id='word_1_121' title='bbox 1526 1212 1694 1266; x_wconf 85' lang='lat' dir='ltr'>saepius</span> <span class='ocrx_word' id='word_1_122' title='bbox 1722 1214 1796 1254; x_wconf 87' lang='lat' dir='ltr'>aut</span> 
     </span>
     <span class='ocr_line' id='line_1_16' title="bbox 271 1286 1346 1346; baseline -0.005 -15"><span class='ocrx_word' id='word_1_123' title='bbox 271 1291 512 1346; x_wconf 86' lang='lat' dir='ltr'>perforatus</span> <span class='ocrx_word' id='word_1_124' title='bbox 547 1291 620 1330; x_wconf 86' lang='lat' dir='ltr'>aut</span> <span class='ocrx_word' id='word_1_125' title='bbox 651 1288 695 1329; x_wconf 89' lang='lat' dir='ltr'>in</span> <span class='ocrx_word' id='word_1_126' title='bbox 720 1287 996 1342; x_wconf 76' lang='lat' dir='ltr'>marginibus</span> <span class='ocrx_word' id='word_1_127' title='bbox 1030 1287 1170 1327; x_wconf 86' lang='lat' dir='ltr'>laesus</span> <span class='ocrx_word' id='word_1_128' title='bbox 1204 1286 1346 1327; x_wconf 86' lang='lat' dir='ltr'>fuerit.</span> 
     </span>
    </p>

    <p class='ocr_par' dir='ltr' id='par_1_4' title="bbox 268 1356 1797 2128">
     <span class='ocr_line' id='line_1_17' title="bbox 387 1356 1794 1410; baseline -0.004 -9"><span class='ocrx_word' id='word_1_129' title='bbox 387 1360 480 1410; x_wconf 82' lang='lat' dir='ltr'>Qua</span> <span class='ocrx_word' id='word_1_130' title='bbox 511 1360 557 1401; x_wconf 91' lang='lat' dir='ltr'>in</span> <span class='ocrx_word' id='word_1_131' title='bbox 588 1374 634 1401; x_wconf 89' lang='lat' dir='ltr'>re</span> <span class='ocrx_word' id='word_1_132' title='bbox 666 1358 772 1400; x_wconf 89' lang='lat' dir='ltr'>illud</span> <span class='ocrx_word' id='word_1_133' title='bbox 806 1358 990 1399; x_wconf 85' lang='lat' dir='ltr'>maxime</span> <span class='ocrx_word' id='word_1_134' title='bbox 1018 1356 1297 1399; x_wconf 84' lang='lat' dir='ltr'>memorabile</span> <span class='ocrx_word' id='word_1_135' title='bbox 1331 1360 1416 1410; x_wconf 85' lang='lat' dir='ltr'>est,</span> <span class='ocrx_word' id='word_1_136' title='bbox 1449 1356 1561 1410; x_wconf 72' lang='lat' dir='ltr'>quml</span> <span class='ocrx_word' id='word_1_137' title='bbox 1589 1370 1672 1396; x_wconf 90' lang='lat' dir='ltr'>uno</span> <span class='ocrx_word' id='word_1_138' title='bbox 1701 1356 1794 1396; x_wconf 82' lang='lat' dir='ltr'>loco</span> 
     </span>
     <span class='ocr_line' id='line_1_18' title="bbox 268 1426 1794 1486; baseline -0.005 -12"><span class='ocrx_word' id='word_1_139' title='bbox 268 1431 623 1486; x_wconf 86' lang='lat' dir='ltr'>deprehendimus</span> <span class='ocrx_word' id='word_1_140' title='bbox 657 1429 865 1471; x_wconf 89' lang='lat' dir='ltr'>eiusmodi</span> <span class='ocrx_word' id='word_1_141' title='bbox 899 1429 1042 1470; x_wconf 88' lang='lat' dir='ltr'>labem</span> <span class='ocrx_word' id='word_1_142' title='bbox 1074 1428 1234 1482; x_wconf 87' lang='lat' dir='ltr'>pariter</span> <span class='ocrx_word' id='word_1_143' title='bbox 1261 1428 1313 1469; x_wconf 87' lang='lat' dir='ltr'>ad</span> <span class='ocrx_word' id='word_1_144' title='bbox 1339 1427 1381 1469; x_wconf 88' lang='lat' dir='ltr'><strong><em>A</em></strong></span> <span class='ocrx_word' id='word_1_145' title='bbox 1408 1442 1532 1482; x_wconf 88' lang='lat' dir='ltr'>quam</span> <span class='ocrx_word' id='word_1_146' title='bbox 1562 1426 1615 1467; x_wconf 88' lang='lat' dir='ltr'>ad</span> <span class='ocrx_word' id='word_1_147' title='bbox 1641 1426 1682 1468; x_wconf 88' lang='lat' dir='ltr'><strong><em>P</em></strong></span> <span class='ocrx_word' id='word_1_148' title='bbox 1704 1440 1794 1480; x_wconf 87' lang='lat' dir='ltr'>per-</span> 
     </span>
     <span class='ocr_line' id='line_1_19' title="bbox 268 1496 1794 1557; baseline -0.005 -12"><span class='ocrx_word' id='word_1_149' title='bbox 268 1505 415 1545; x_wconf 86' lang='lat' dir='ltr'>tinere.</span> <span class='ocrx_word' id='word_1_150' title='bbox 476 1501 625 1557; x_wconf 87' lang='lat' dir='ltr'>Neque</span> <span class='ocrx_word' id='word_1_151' title='bbox 664 1503 809 1542; x_wconf 87' lang='lat' dir='ltr'>tamen</span> <span class='ocrx_word' id='word_1_152' title='bbox 841 1500 939 1541; x_wconf 86' lang='lat' dir='ltr'>inde</span> <span class='ocrx_word' id='word_1_153' title='bbox 972 1499 1163 1554; x_wconf 88' lang='lat' dir='ltr'>sequitur</span> <span class='ocrx_word' id='word_1_154' title='bbox 1196 1499 1246 1540; x_wconf 89' lang='lat' dir='ltr'>de</span> <span class='ocrx_word' id='word_1_155' title='bbox 1278 1499 1479 1541; x_wconf 88' lang='lat' dir='ltr'>omnibus</span> <span class='ocrx_word' id='word_1_156' title='bbox 1512 1498 1598 1539; x_wconf 90' lang='lat' dir='ltr'>illis</span> <span class='ocrx_word' id='word_1_157' title='bbox 1630 1496 1794 1538; x_wconf 79' lang='lat' dir='ltr'>lacunis</span> 
     </span>
     <span class='ocr_line' id='line_1_20' title="bbox 268 1570 1794 1624; baseline -0.005 -8"><span class='ocrx_word' id='word_1_158' title='bbox 268 1576 381 1617; x_wconf 89' lang='lat' dir='ltr'>idem</span> <span class='ocrx_word' id='word_1_159' title='bbox 420 1573 694 1616; x_wconf 87' lang='lat' dir='ltr'>statuendum</span> <span class='ocrx_word' id='word_1_160' title='bbox 734 1586 836 1613; x_wconf 85' lang='lat' dir='ltr'>esse.</span> <span class='ocrx_word' id='word_1_161' title='bbox 907 1571 1019 1612; x_wconf 90' lang='lat' dir='ltr'>Nam</span> <span class='ocrx_word' id='word_1_162' title='bbox 1058 1571 1107 1612; x_wconf 90' lang='lat' dir='ltr'>de</span> <span class='ocrx_word' id='word_1_163' title='bbox 1146 1571 1360 1612; x_wconf 88' lang='lat' dir='ltr'>communi</span> <span class='ocrx_word' id='word_1_164' title='bbox 1401 1570 1621 1624; x_wconf 89' lang='lat' dir='ltr'>utriusque</span> <span class='ocrx_word' id='word_1_165' title='bbox 1654 1583 1794 1610; x_wconf 86' lang='lat' dir='ltr'>recen-</span> 
     </span>
     <span class='ocr_line' id='line_1_21' title="bbox 269 1640 1795 1699; baseline -0.005 -11"><span class='ocrx_word' id='word_1_166' title='bbox 269 1646 400 1688; x_wconf 85' lang='lat' dir='ltr'>sionis</span> <span class='ocrx_word' id='word_1_167' title='bbox 440 1645 673 1699; x_wconf 86' lang='lat' dir='ltr'>archetypo</span> <span class='ocrx_word' id='word_1_168' title='bbox 714 1659 810 1686; x_wconf 91' lang='lat' dir='ltr'>cum</span> <span class='ocrx_word' id='word_1_169' title='bbox 852 1643 982 1685; x_wconf 89' lang='lat' dir='ltr'>etiam</span> <span class='ocrx_word' id='word_1_170' title='bbox 1023 1642 1194 1684; x_wconf 85' lang='lat' dir='ltr'>aliunde</span> <span class='ocrx_word' id='word_1_171' title='bbox 1234 1644 1419 1695; x_wconf 86' lang='lat' dir='ltr'>constet,</span> <span class='ocrx_word' id='word_1_172' title='bbox 1465 1640 1607 1695; x_wconf 87' lang='lat' dir='ltr'>potuit</span> <span class='ocrx_word' id='word_1_173' title='bbox 1649 1642 1795 1681; x_wconf 86' lang='lat' dir='ltr'>tamen</span> 
     </span>
     <span class='ocr_line' id='line_1_22' title="bbox 269 1711 1796 1767; baseline -0.005 -8"><span class='ocrx_word' id='word_1_174' title='bbox 269 1717 533 1759; x_wconf 81' lang='lat' dir='ltr'>recensionis</span> <span class='ocrx_word' id='word_1_175' title='bbox 573 1715 886 1757; x_wconf 85' lang='lat' dir='ltr'>Ambrosianae</span> <span class='ocrx_word' id='word_1_176' title='bbox 929 1714 1146 1767; x_wconf 81' lang='lat' dir='ltr'>exemplar</span> <span class='ocrx_word' id='word_1_177' title='bbox 1186 1728 1236 1754; x_wconf 79' lang='lat' dir='ltr'>ex</span> <span class='ocrx_word' id='word_1_178' title='bbox 1279 1713 1353 1755; x_wconf 89' lang='lat' dir='ltr'>illo</span> <span class='ocrx_word' id='word_1_179' title='bbox 1391 1711 1662 1765; x_wconf 74' lang='lat' dir='ltr'>transscribi,</span> <span class='ocrx_word' id='word_1_180' title='bbox 1701 1726 1796 1752; x_wconf 90' lang='lat' dir='ltr'>cum</span> 
     </span>
     <span class='ocr_line' id='line_1_23' title="bbox 271 1781 1797 1840; baseline -0.005 -10"><span class='ocrx_word' id='word_1_181' title='bbox 271 1789 413 1830; x_wconf 88' lang='lat' dir='ltr'>minus</span> <span class='ocrx_word' id='word_1_182' title='bbox 446 1789 532 1829; x_wconf 87' lang='lat' dir='ltr'>late</span> <span class='ocrx_word' id='word_1_183' title='bbox 565 1787 683 1828; x_wconf 88' lang='lat' dir='ltr'>labes</span> <span class='ocrx_word' id='word_1_184' title='bbox 719 1786 946 1840; x_wconf 83' lang='lat' dir='ltr'>serpserit,</span> <span class='ocrx_word' id='word_1_185' title='bbox 980 1800 1107 1840; x_wconf 86' lang='lat' dir='ltr'>quam</span> <span class='ocrx_word' id='word_1_186' title='bbox 1140 1785 1331 1826; x_wconf 84' lang='lat' dir='ltr'>recensio</span> <span class='ocrx_word' id='word_1_187' title='bbox 1365 1784 1565 1825; x_wconf 87' lang='lat' dir='ltr'>Palatina</span> <span class='ocrx_word' id='word_1_188' title='bbox 1596 1781 1669 1822; x_wconf 89' lang='lat' dir='ltr'>ubi</span> <span class='ocrx_word' id='word_1_189' title='bbox 1702 1781 1797 1822; x_wconf 86' lang='lat' dir='ltr'>inde</span> 
     </span>
     <span class='ocr_line' id='line_1_24' title="bbox 274 1853 1795 1907; baseline -0.005 -6"><span class='ocrx_word' id='word_1_190' title='bbox 274 1860 506 1901; x_wconf 84' lang='lat' dir='ltr'>duceretur.</span> <span class='ocrx_word' id='word_1_191' title='bbox 558 1858 723 1900; x_wconf 82' lang='lat' dir='ltr'>Revera</span> <span class='ocrx_word' id='word_1_192' title='bbox 757 1859 899 1898; x_wconf 85' lang='lat' dir='ltr'>autem</span> <span class='ocrx_word' id='word_1_193' title='bbox 933 1856 1099 1898; x_wconf 79' lang='lat' dir='ltr'>videtur</span> <span class='ocrx_word' id='word_1_194' title='bbox 1124 1857 1164 1897; x_wconf 84' lang='lat' dir='ltr'><strong><em>A</em></strong></span> <span class='ocrx_word' id='word_1_195' title='bbox 1199 1856 1316 1897; x_wconf 87' lang='lat' dir='ltr'>velut</span> <span class='ocrx_word' id='word_1_196' title='bbox 1342 1870 1378 1896; x_wconf 84' lang='lat' dir='ltr'>v.</span> <span class='ocrx_word' id='word_1_197' title='bbox 1409 1855 1491 1895; x_wconf 84' lang='lat'>702</span> <span class='ocrx_word' id='word_1_198' title='bbox 1519 1853 1795 1907; x_wconf 73' lang='lat' dir='ltr'>integriorem</span> 
     </span>
     <span class='ocr_line' id='line_1_25' title="bbox 273 1922 1796 1983; baseline -0.005 -11"><span class='ocrx_word' id='word_1_199' title='bbox 273 1946 477 1972; x_wconf 87' lang='lat' dir='ltr'>servasse.</span> <span class='ocrx_word' id='word_1_200' title='bbox 550 1930 643 1979; x_wconf 79' lang='lat' dir='ltr'>Quo</span> <span class='ocrx_word' id='word_1_201' title='bbox 684 1929 847 1971; x_wconf 88' lang='lat' dir='ltr'>accedit</span> <span class='ocrx_word' id='word_1_202' title='bbox 879 1928 991 1983; x_wconf 90' lang='lat' dir='ltr'>quod</span> <span class='ocrx_word' id='word_1_203' title='bbox 1033 1927 1171 1969; x_wconf 90' lang='lat' dir='ltr'>tribus</span> <span class='ocrx_word' id='word_1_204' title='bbox 1204 1927 1307 1968; x_wconf 89' lang='lat' dir='ltr'>locis</span> <span class='ocrx_word' id='word_1_205' title='bbox 1341 1924 1399 1982; x_wconf 85' lang='lat' dir='ltr'>(v.</span> <span class='ocrx_word' id='word_1_206' title='bbox 1431 1926 1528 1967; x_wconf 80' lang='lat'>613.</span> <span class='ocrx_word' id='word_1_207' title='bbox 1561 1926 1658 1966; x_wconf 92' lang='lat'>671.</span> <span class='ocrx_word' id='word_1_208' title='bbox 1693 1922 1796 1979; x_wconf 86' lang='lat'>724)</span> 
     </span>
     <span class='ocr_line' id='line_1_26' title="bbox 275 1994 1795 2055; baseline -0.005 -12"><span class='ocrx_word' id='word_1_209' title='bbox 275 2002 551 2044; x_wconf 85' lang='lat' dir='ltr'>membranae</span> <span class='ocrx_word' id='word_1_210' title='bbox 589 2000 775 2042; x_wconf 89' lang='lat' dir='ltr'>Turnebi</span> <span class='ocrx_word' id='word_1_211' title='bbox 821 1998 892 2055; x_wconf 85' lang='lat' dir='ltr'>(cf.</span> <span class='ocrx_word' id='word_1_212' title='bbox 936 1999 1068 2053; x_wconf 85' lang='lat' dir='ltr'>praef.</span> <span class='ocrx_word' id='word_1_213' title='bbox 1109 1998 1234 2041; x_wconf 79' lang='lat' dir='ltr'>Poen.</span> <span class='ocrx_word' id='word_1_214' title='bbox 1280 2012 1319 2052; x_wconf 89' lang='lat' dir='ltr'>p.</span> <span class='ocrx_word' id='word_1_215' title='bbox 1357 1997 1419 2038; x_wconf 91' lang='lat' dir='ltr'>XI</span> <span class='ocrx_word' id='word_1_216' title='bbox 1434 1994 1515 2052; x_wconf 79' lang='lat' dir='ltr'>sq.)</span> <span class='ocrx_word' id='word_1_217' title='bbox 1560 1996 1795 2050; x_wconf 87' lang='lat' dir='ltr'>pleniorem</span> 
     </span>
     <span class='ocr_line' id='line_1_27' title="bbox 273 2072 776 2128; baseline -0.004 -13"><span class='ocrx_word' id='word_1_218' title='bbox 273 2074 528 2128; x_wconf 86' lang='lat' dir='ltr'>scripturam</span> <span class='ocrx_word' id='word_1_219' title='bbox 563 2072 776 2114; x_wconf 86' lang='lat' dir='ltr'>exhibent.</span> 
     </span>
    </p>

    <p class='ocr_par' dir='ltr' id='par_1_5' title="bbox 274 2139 1799 2840">
     <span class='ocr_line' id='line_1_28' title="bbox 396 2139 1797 2195; baseline -0.005 -9"><span class='ocrx_word' id='word_1_220' title='bbox 396 2144 487 2186; x_wconf 84' lang='lat' dir='ltr'>Iam</span> <span class='ocrx_word' id='word_1_221' title='bbox 521 2144 686 2186; x_wconf 88' lang='lat' dir='ltr'>duobus</span> <span class='ocrx_word' id='word_1_222' title='bbox 719 2158 769 2184; x_wconf 82' lang='lat' dir='ltr'>ex</span> <span class='ocrx_word' id='word_1_223' title='bbox 800 2143 867 2184; x_wconf 81' lang='lat' dir='ltr'>his</span> <span class='ocrx_word' id='word_1_224' title='bbox 901 2142 1004 2184; x_wconf 86' lang='lat' dir='ltr'>locis</span> <span class='ocrx_word' id='word_1_225' title='bbox 1040 2142 1079 2182; x_wconf 83' lang='lat' dir='ltr'><em>T</em></span> <span class='ocrx_word' id='word_1_226' title='bbox 1106 2141 1264 2183; x_wconf 86' lang='lat' dir='ltr'>codicis</span> <span class='ocrx_word' id='word_1_227' title='bbox 1298 2140 1595 2195; x_wconf 81' lang='lat' dir='ltr'>supplementa</span> <span class='ocrx_word' id='word_1_228' title='bbox 1628 2154 1677 2180; x_wconf 81' lang='lat' dir='ltr'>ex</span> <span class='ocrx_word' id='word_1_229' title='bbox 1709 2139 1797 2180; x_wconf 87' lang='lat' dir='ltr'>suis</span> 
     </span>
     <span class='ocr_line' id='line_1_29' title="bbox 278 2209 1799 2267; baseline -0.004 -10"><span class='ocrx_word' id='word_1_230' title='bbox 278 2216 415 2257; x_wconf 67' lang='lat' dir='ltr'>‘libris</span> <span class='ocrx_word' id='word_1_231' title='bbox 455 2214 684 2256; x_wconf 80' lang='lat' dir='ltr'>veteribus’</span> <span class='ocrx_word' id='word_1_232' title='bbox 718 2214 952 2255; x_wconf 87' lang='lat' dir='ltr'>Lambinus</span> <span class='ocrx_word' id='word_1_233' title='bbox 992 2209 1223 2267; x_wconf 54' lang='lat' dir='ltr'>profertss),</span> <span class='ocrx_word' id='word_1_234' title='bbox 1267 2211 1348 2252; x_wconf 87' lang='lat' dir='ltr'>nisi</span> <span class='ocrx_word' id='word_1_235' title='bbox 1389 2211 1500 2265; x_wconf 88' lang='lat' dir='ltr'>quod</span> <span class='ocrx_word' id='word_1_236' title='bbox 1539 2226 1576 2251; x_wconf 90' lang='lat' dir='ltr'>v.</span> <span class='ocrx_word' id='word_1_237' title='bbox 1616 2211 1700 2252; x_wconf 91' lang='lat'>724</span> <span class='ocrx_word' id='word_1_238' title='bbox 1738 2211 1799 2252; x_wconf 65' lang='lat' dir='ltr'>ita</span> 
     </span>
     <span class='ocr_line' id='line_1_30' title="bbox 275 2280 1798 2342; baseline -0.005 -14"><span class='ocrx_word' id='word_1_239' title='bbox 275 2288 393 2329; x_wconf 83' lang='lat' dir='ltr'>addit</span> <span class='ocrx_word' id='word_1_240' title='bbox 415 2285 702 2342; x_wconf 78' lang='lat' dir='ltr'>(nequaquam</span> <span class='ocrx_word' id='word_1_241' title='bbox 725 2285 895 2335; x_wconf 78' lang='lat' dir='ltr'>melius,</span> <span class='ocrx_word' id='word_1_242' title='bbox 917 2299 1176 2339; x_wconf 86' lang='lat' dir='ltr'>quamquam</span> <span class='ocrx_word' id='word_1_243' title='bbox 1197 2282 1466 2324; x_wconf 87' lang='lat' dir='ltr'>retinuerunt</span> <span class='ocrx_word' id='word_1_244' title='bbox 1484 2280 1798 2336; x_wconf 84' lang='lat' dir='ltr'>Fleckeisonus,</span> 
     </span>
     <span class='ocr_line' id='line_1_31' title="bbox 274 2351 1796 2412; baseline -0.005 -13"><span class='ocrx_word' id='word_1_245' title='bbox 274 2359 459 2411; x_wconf 83' lang='lat' dir='ltr'>Brixius,</span> <span class='ocrx_word' id='word_1_246' title='bbox 485 2357 727 2411; x_wconf 78' lang='lat' dir='ltr'>VssingiuS,</span> <span class='ocrx_word' id='word_1_247' title='bbox 754 2354 865 2412; x_wconf 77' lang='lat' dir='ltr'>alii):</span> <span class='ocrx_word' id='word_1_248' title='bbox 894 2371 943 2397; x_wconf 85' lang='lat' dir='ltr'>ex</span> <span class='ocrx_word' id='word_1_249' title='bbox 971 2355 1124 2410; x_wconf 87' lang='lat' dir='ltr'>quibus</span> <span class='ocrx_word' id='word_1_250' title='bbox 1147 2353 1464 2396; x_wconf 86' lang='lat' dir='ltr'>memorabilius</span> <span class='ocrx_word' id='word_1_251' title='bbox 1485 2355 1551 2393; x_wconf 86' lang='lat' dir='ltr'>est</span> <span class='ocrx_word' id='word_1_252' title='bbox 1577 2351 1626 2393; x_wconf 83' lang='lat' dir='ltr'>de</span> <span class='ocrx_word' id='word_1_253' title='bbox 1654 2368 1690 2394; x_wconf 89' lang='lat' dir='ltr'>v.</span> <span class='ocrx_word' id='word_1_254' title='bbox 1711 2353 1796 2394; x_wconf 83' lang='lat'>613</span> 
     </span>
     <span class='ocr_line' id='line_1_32' title="bbox 275 2424 1799 2482; baseline -0.005 -11"><span class='ocrx_word' id='word_1_255' title='bbox 275 2430 590 2482; x_wconf 85' lang='lat' dir='ltr'>testimonium,</span> <span class='ocrx_word' id='word_1_256' title='bbox 618 2443 711 2469; x_wconf 85' lang='lat' dir='ltr'>cum</span> <span class='ocrx_word' id='word_1_257' title='bbox 741 2443 868 2482; x_wconf 89' lang='lat' dir='ltr'>quam</span> <span class='ocrx_word' id='word_1_258' title='bbox 894 2428 1062 2482; x_wconf 84' lang='lat' dir='ltr'>profert</span> <span class='ocrx_word' id='word_1_259' title='bbox 1089 2426 1345 2479; x_wconf 86' lang='lat' dir='ltr'>scripturam</span> <span class='ocrx_word' id='word_1_260' title='bbox 1372 2439 1458 2466; x_wconf 89' lang='grc'>11011</span> <span class='ocrx_word' id='word_1_261' title='bbox 1483 2425 1609 2478; x_wconf 85' lang='lat' dir='ltr'>plane</span> <span class='ocrx_word' id='word_1_262' title='bbox 1636 2424 1799 2478; x_wconf 83' lang='lat' dir='ltr'>probet,</span> 
     </span>
     <span class='ocr_line' id='line_1_33' title="bbox 280 2495 1797 2551; baseline -0.004 -8"><span class='ocrx_word' id='word_1_263' title='bbox 280 2501 353 2543; x_wconf 84' lang='lat' dir='ltr'>scd</span> <span class='ocrx_word' id='word_1_264' title='bbox 385 2501 515 2542; x_wconf 71' lang='lat' dir='ltr'>uice’m&#39;</span> <span class='ocrx_word' id='word_1_265' title='bbox 545 2514 565 2541; x_wconf 79' lang='lat' dir='ltr'>c</span> <span class='ocrx_word' id='word_1_266' title='bbox 595 2513 680 2541; x_wconf 82' lang='lat' dir='ltr'>meo</span> <span class='ocrx_word' id='word_1_267' title='bbox 713 2502 779 2539; x_wconf 85' lang='lat' dir='ltr'>sat</span> <span class='ocrx_word' id='word_1_268' title='bbox 812 2498 919 2539; x_wconf 86' lang='lat' dir='ltr'>miro</span> <span class='ocrx_word' id='word_1_269' title='bbox 952 2498 1106 2539; x_wconf 88' lang='lat' dir='ltr'>iudicio</span> <span class='ocrx_word' id='word_1_270' title='bbox 1135 2496 1346 2538; x_wconf 87' lang='lat' dir='ltr'>desideret</span> <span class='ocrx_word' id='word_1_271' title='bbox 1371 2511 1448 2551; x_wconf 90' lang='lat' dir='ltr'>pro</span> <span class='ocrx_word' id='word_1_272' title='bbox 1475 2509 1585 2536; x_wconf 76' lang='lat' dir='ltr'>meac</span> <span class='ocrx_word' id='word_1_273' title='bbox 1609 2495 1797 2537; x_wconf 68' lang='lat' dir='ltr'>m‘ciniae.</span> 
     </span>
     <span class='ocr_line' id='line_1_34' title="bbox 278 2563 1797 2623; baseline -0.003 -9"><span class='ocrx_word' id='word_1_274' title='bbox 278 2573 370 2622; x_wconf 73' lang='lat' dir='ltr'>Quo</span> <span class='ocrx_word' id='word_1_275' title='bbox 403 2572 465 2613; x_wconf 92' lang='lat' dir='ltr'>uti</span> <span class='ocrx_word' id='word_1_276' title='bbox 498 2570 759 2612; x_wconf 78' lang='lat' dir='ltr'>Ritsclielius</span> <span class='ocrx_word' id='word_1_277' title='bbox 792 2571 981 2623; x_wconf 85' lang='lat' dir='ltr'>poterat,</span> <span class='ocrx_word' id='word_1_278' title='bbox 1014 2583 1108 2610; x_wconf 84' lang='lat' dir='ltr'>cum</span> <span class='ocrx_word' id='word_1_279' title='bbox 1142 2568 1243 2610; x_wconf 89' lang='lat' dir='ltr'>olim</span> <span class='ocrx_word' id='word_1_280' title='bbox 1277 2565 1448 2623; x_wconf 82' lang='lat' dir='ltr'>(Opusc.</span> <span class='ocrx_word' id='word_1_281' title='bbox 1476 2566 1517 2608; x_wconf 86' lang='lat' dir='ltr'>H</span> <span class='ocrx_word' id='word_1_282' title='bbox 1550 2582 1588 2621; x_wconf 84' lang='lat' dir='ltr'>p.</span> <span class='ocrx_word' id='word_1_283' title='bbox 1619 2567 1697 2608; x_wconf 90' lang='lat'>121</span> <span class='ocrx_word' id='word_1_284' title='bbox 1718 2563 1797 2621; x_wconf 83' lang='lat' dir='ltr'>sq.)</span> 
     </span>
     <span class='ocr_line' id='line_1_35' title="bbox 277 2638 1798 2694; baseline -0.005 -9"><span class='ocrx_word' id='word_1_285' title='bbox 277 2644 328 2685; x_wconf 85' lang='lat' dir='ltr'>(le</span> <span class='ocrx_word' id='word_1_286' title='bbox 360 2642 442 2684; x_wconf 91' lang='lat' dir='ltr'>fide</span> <span class='ocrx_word' id='word_1_287' title='bbox 475 2641 675 2684; x_wconf 86' lang='lat' dir='ltr'>Lambini</span> <span class='ocrx_word' id='word_1_288' title='bbox 708 2641 846 2681; x_wconf 88' lang='lat' dir='ltr'>lenius</span> <span class='ocrx_word' id='word_1_289' title='bbox 879 2654 1005 2694; x_wconf 87' lang='lat' dir='ltr'>quam</span> <span class='ocrx_word' id='word_1_290' title='bbox 1038 2641 1081 2679; x_wconf 88' lang='lat' dir='ltr'>ct</span> <span class='ocrx_word' id='word_1_291' title='bbox 1113 2639 1186 2680; x_wconf 88' lang='lat' dir='ltr'>alii</span> <span class='ocrx_word' id='word_1_292' title='bbox 1226 2638 1418 2693; x_wconf 86' lang='lat' dir='ltr'>plerique</span> <span class='ocrx_word' id='word_1_293' title='bbox 1451 2641 1493 2678; x_wconf 91' lang='lat' dir='ltr'>et</span> <span class='ocrx_word' id='word_1_294' title='bbox 1524 2638 1615 2691; x_wconf 88' lang='lat' dir='ltr'>ipse</span> <span class='ocrx_word' id='word_1_295' title='bbox 1647 2638 1798 2690; x_wconf 87' lang='lat' dir='ltr'>postea</span> 
     </span>
     <span class='ocr_line' id='line_1_36' title="bbox 277 2707 1799 2763; baseline -0.005 -7"><span class='ocrx_word' id='word_1_296' title='bbox 277 2715 494 2756; x_wconf 86' lang='lat' dir='ltr'>iudicaret.</span> <span class='ocrx_word' id='word_1_297' title='bbox 558 2712 678 2762; x_wconf 76' lang='lat' dir='ltr'>Quod</span> <span class='ocrx_word' id='word_1_298' title='bbox 711 2711 913 2753; x_wconf 85' lang='lat' dir='ltr'>iudicium</span> <span class='ocrx_word' id='word_1_299' title='bbox 946 2711 978 2751; x_wconf 88' lang='lat' dir='ltr'>si</span> <span class='ocrx_word' id='word_1_300' title='bbox 1014 2710 1169 2751; x_wconf 83' lang='lat' dir='ltr'>iterum</span> <span class='ocrx_word' id='word_1_301' title='bbox 1202 2709 1516 2763; x_wconf 76' lang='lat' dir='ltr'>perpendimus,</span> <span class='ocrx_word' id='word_1_302' title='bbox 1547 2707 1653 2748; x_wconf 87' lang='lat' dir='ltr'>nihil</span> <span class='ocrx_word' id='word_1_303' title='bbox 1687 2707 1799 2748; x_wconf 90' lang='lat' dir='ltr'>effici</span> 
     </span>
     <span class='ocr_line' id='line_1_37' title="bbox 278 2779 1797 2840; baseline -0.003 -17"><span class='ocrx_word' id='word_1_304' title='bbox 278 2788 422 2840; x_wconf 84' lang='lat' dir='ltr'>potest</span> <span class='ocrx_word' id='word_1_305' title='bbox 453 2786 494 2825; x_wconf 90' lang='lat' dir='ltr'>in</span> <span class='ocrx_word' id='word_1_306' title='bbox 529 2785 707 2826; x_wconf 84' lang='lat' dir='ltr'>alteram</span> <span class='ocrx_word' id='word_1_307' title='bbox 741 2785 881 2824; x_wconf 82' lang='lat' dir='ltr'>utram</span> <span class='ocrx_word' id='word_1_308' title='bbox 914 2783 1078 2836; x_wconf 81' lang='lat' dir='ltr'>partem</span> <span class='ocrx_word' id='word_1_309' title='bbox 1111 2795 1159 2822; x_wconf 84' lang='lat' dir='ltr'>cx</span> <span class='ocrx_word' id='word_1_310' title='bbox 1200 2781 1411 2835; x_wconf 86' lang='lat' dir='ltr'>plerisque</span> <span class='ocrx_word' id='word_1_311' title='bbox 1445 2780 1686 2833; x_wconf 76' lang='lat' dir='ltr'>scripturis,</span> <span class='ocrx_word' id='word_1_312' title='bbox 1726 2779 1797 2819; x_wconf 91' lang='lat' dir='ltr'>ubi</span> 
     </span>
    </p>
   </div>
   <div class='ocr_carea' id='block_1_3' title="bbox 372 2929 1683 2980">
    <p class='ocr_par' dir='ltr' id='par_1_6' title="bbox 372 2929 1683 2980">
     <span class='ocr_line' id='line_1_38' title="bbox 372 2929 1683 2980; baseline -0.006 -6"><span class='ocrx_word' id='word_1_313' title='bbox 372 2938 402 2974; x_wconf 48' lang='lat'>²³5</span> <span class='ocrx_word' id='word_1_314' title='bbox 432 2937 563 2972; x_wconf 83' lang='lat' dir='ltr'>Levius</span> <span class='ocrx_word' id='word_1_315' title='bbox 591 2937 647 2972; x_wconf 64' lang='lat' dir='ltr'>est</span> <span class='ocrx_word' id='word_1_316' title='bbox 672 2935 771 2980; x_wconf 83' lang='lat' dir='ltr'>quod</span> <span class='ocrx_word' id='word_1_317' title='bbox 797 2935 909 2970; x_wconf 78' lang='lat' dir='ltr'>etiam</span> <span class='ocrx_word' id='word_1_318' title='bbox 938 2946 968 2968; x_wconf 93' lang='lat' dir='ltr'>v.</span> <span class='ocrx_word' id='word_1_319' title='bbox 1000 2938 1065 2968; x_wconf 74' lang='lat'>1⁴32</span> <span class='ocrx_word' id='word_1_320' title='bbox 1092 2933 1307 2978; x_wconf 59' lang='lat' dir='ltr'>(micasque)</span> <span class='ocrx_word' id='word_1_321' title='bbox 1336 2943 1418 2967; x_wconf 87' lang='lat' dir='ltr'>cum</span> <span class='ocrx_word' id='word_1_322' title='bbox 1449 2930 1481 2966; x_wconf 79' lang='lat' dir='ltr'><em>T</em></span> <span class='ocrx_word' id='word_1_323' title='bbox 1502 2929 1683 2975; x_wconf 83' lang='lat' dir='ltr'>congruit.</span> 
     </span>
    </p>
   </div>
  </div>
 </body>
</html>
