1946 3344
757 193 1005 228 APPENDIX
1560 192 1581 231 1
1591 191 1646 231 33

212 295 290 327 928.
319 289 549 335 Anapaestos
574 291 671 324 hunc
694 301 726 324 v.
754 300 833 324 cum
859 289 1018 333 sequenti
1043 288 1128 332 fecit
1155 288 1357 323 Muellerus
1385 288 1488 323 Pros.
1511 299 1548 332 p.
1577 290 1648 321 410

116 346 272 379 admisso
304 343 492 378 maeerfiui
522 343 602 378 hic:
636 344 680 386 cf.
715 343 928 388 Spenyelius
963 343 1075 387 ‘Refi’
1105 354 1144 387 p.
1178 345 1249 377 139
1283 342 1361 386 (ubi
1391 342 1462 376 hoe
1493 342 1648 385 retinet).

115 399 154 433 et.
174 409 260 433 cura
280 399 318 432 eb
336 397 510 432 lacrumis
536 396 773 431 intercedente
799 396 890 430 satis
912 407 970 431 me
991 397 1184 432 coniunxit
1206 396 1376 441 Pylades,
1403 406 1446 430 ex
1467 393 1590 429 animo
1612 395 1650 429 et.

115 463 203 486 cura
221 462 392 496 perversa
419 452 598 486 locutione
629 450 679 484 W
677 450 818 485 interus
843 450 884 484 (Ie
911 454 1004 484 cant.
1027 462 1066 494 p.
1081 453 1139 485 17.
1167 450 1205 484 eb
1231 460 1318 484 cura
1342 460 1402 483 me
1429 448 1489 483 sat
1507 448 1647 482 Dousa.

116 507 155 544 eb
180 504 272 539 satis
298 516 356 539 me
383 514 472 538 cura
498 503 663 538 Guietus.
699 506 737 538 et
763 515 851 537 cura
883 503 975 538 satis
1002 514 1061 538 me
1087 503 1127 537 F
1129 503 1352 538 leckeisenus.
1390 502 1428 537 et
1453 513 1539 536 cura
1565 501 1649 536 med

116 559 275 593 Briaeius
300 558 395 592 olim.
424 558 471 592 oh
502 567 570 601 pro
595 556 666 591 hoo
693 556 916 599 Gronovius,
949 558 1019 591 ohe
1047 556 1222 592 Guietus:
1252 556 1324 590 hoc
1350 556 1580 600 repetendum
1606 566 1649 589 ca}

117 624 148 648 v.
176 615 244 647 930
270 611 396 654 initio,
422 612 500 645 scil.
528 611 640 645 altero
664 621 694 645 v.
723 610 768 644 ab
796 610 894 645 Satis
920 611 1116 655 incipiente
1136 613 1380 654 praeceptum.

212 668 279 699 933
294 675 364 709 sqq.
405 664 630 709 promeritus
663 664 741 708 (om.
769 664 822 707 es)
858 662 1009 698 Olsenus
1034 664 1056 698 l.
1083 674 1109 698 s.
1136 674 1162 697 s.
1193 675 1233 707 p.
1261 665 1322 698 22.
1362 683 1410 689 -—-
1454 662 1571 696 Immo
1608 662 1650 695 bu

117 719 223 763 potes
259 718 460 762 Geppertus
495 718 540 761 (et
576 718 617 750 ub
650 716 815 761 poteris).
872 715 990 751 Immo
1030 727 1127 751 nuno
1161 718 1267 761 potes
1304 717 1507 752 Muellerus
1544 716 1648 750 Pros.

113 784 152 817 p.
174 774 256 806 637.
293 770 427 813 Immo,
454 771 505 804 mi
530 773 655 814 pater,
684 769 732 803 Et
758 772 798 804 ‘cu
824 770 965 814 poteris
990 770 1166 804 Bria‘ius:
1201 770 1246 812 cf.
1274 769 1357 803 Em.
1384 770 1425 803 in
1460 769 1515 803 Pl.
1545 767 1650 813 Capt.

113 837 150 870 p.
186 827 243 859 16.
290 825 484 859 PHILOCR.
536 823 653 858 Immo
696 823 805 867 potes
839 823 1040 868 Lanyenus
1076 823 1223 858 ‘Beitr.’
1260 834 1300 867 p.
1327 826 1405 858 224
1419 834 1490 867 sqq.
1529 823 1652 857 deletis

117 879 278 913 versibus
310 879 545 920 934—936,
582 888 669 921 quos
700 880 819 910 tamen
856 879 898 910 ut
931 877 1062 911 traditi
1092 880 1179 910 sunt
1215 887 1260 910 ne
1296 876 1534 920 interpolator
1571 876 1649 920 qui-

119 933 197 967 dem
228 932 381 966 scribere
407 932 548 976 potuit:
586 941 699 974 neque
733 930 766 964 si
799 930 953 964 delemus
984 931 1144 974 quadrat
1184 928 1280 971 Quid
1316 931 1427 973 opust
1461 929 1584 963 uerbis
1618 941 1649 963 v.

119 987 200 1020 937.
240 985 479 1019 benemerens
517 985 643 1018 noster
674 984 711 1028 (i.
739 994 765 1018 e.
799 983 903 1018 nobis
939 994 1019 1017 cum
1055 983 1263 1018 Philocrate
1297 983 1508 1026 communis)
1552 982 1649 1027 Tyn-

119 1040 233 1074 darus
258 1039 406 1080 dicitur,
432 1049 533 1083 quem
558 1040 778 1082 quantopere
804 1037 996 1071 liberatum
1022 1037 1149 1080 cupiat
1174 1047 1256 1071 erus
1281 1037 1349 1072 scit
1371 1036 1649 1081 Philopolemus,

121 1112 164 1116 —
193 1091 231 1125 di
257 1092 482 1136 potestatem
509 1102 591 1125 eam
613 1091 783 1135 Pylades,
810 1089 848 1124 di
874 1090 1098 1134 potestatem
1121 1089 1282 1125 Bossclza
1309 1091 1398 1135 (non
1426 1089 1652 1134 improbante

119 1144 318 1180 Ritsclcelio
343 1144 489 1189 Proleq.
511 1156 550 1189 p.
573 1143 864 1186 OCCXXVJJ).
893 1143 930 1177 di
957 1143 1040 1177 eam
1065 1145 1294 1188 potestatem
1321 1144 1525 1178 Muellerus
1547 1143 1650 1177 Pros.

114 1210 152 1243 p.
168 1201 243 1233 248
257 1209 306 1242 sq.
335 1198 371 1231 di
398 1209 479 1232 eam
499 1199 685 1242 postatem
706 1197 871 1232 Koclzius
885 1198 984 1232 Ann.
1000 1198 1092 1242 phil.
1120 1201 1143 1231 t.
1158 1197 1272 1232 CIII
1297 1198 1344 1242 (a.
1373 1200 1484 1241 1371)
1506 1208 1545 1242 p.
1561 1200 1650 1232 «5¹23.

119 1272 161 1276 -
189 1252 271 1285 An:
298 1250 467 1286 danunt?
503 1251 542 1285 V.
572 1255 639 1286 935
666 1261 838 1285 muneret
863 1251 929 1294 (sic
951 1250 1155 1296 Vssinqius)
1183 1251 1237 1286 vel
1260 1262 1450 1285 munel-em
1478 1252 1544 1295 (sic
1562 1250 1650 1286 Bri-

117 1306 215 1347 oeius)
243 1305 420 1340 Gertzius.
453 1304 493 1340 V.
522 1308 589 1340 936
615 1303 750 1339 merito
777 1315 949 1338 maxumo
977 1304 1266 1340 Lindemannus.

214 1362 282 1393 939
296 1369 345 1404 sq.
380 1357 445 1403 qui
475 1358 568 1393 mihi
600 1358 732 1393 melior
757 1370 870 1402 quum
896 1358 975 1402 ipse
1002 1357 1074 1392 sibi
1104 1357 1267 1405 Guietus.
1310 1357 1401 1392 mihi
1428 1356 1492 1401 qui
1520 1356 1652 1391 melior

117 1423 229 1456 quam
261 1411 412 1446 sibimet
438 1411 709 1447 Fleckeisenus:
741 1414 780 1446 at
805 1412 849 1455 cf.
876 1411 1092 1455 Kaempflus
1118 1412 1138 1446 l.
1165 1422 1193 1446 s.
1219 1422 1246 1446 s.
1267 1423 1307 1456 p.
1335 1414 1392 1446 35.
1433 1410 1473 1445 V.
1497 1413 1564 1444 940
1596 1409 1652 1444 uti

118 1477 185 1510 par
209 1464 372 1509 pretium
406 1465 621 1500 Weidnerus
646 1466 797 1500 Advers.
818 1476 856 1509 p.
886 1467 942 1499 13.

216 1523 282 1554 941
296 1530 346 1563 sq.
393 1517 509 1560 Quom
543 1518 636 1553 bene
669 1517 793 1553 fecisti
825 1517 1096 1559 FIeclceisenus,
1122 1517 1347 1552 Luebbertus
1373 1517 1475 1552 Stud.
1502 1528 1650 1562 qramm.

116 1586 153 1619 p.
171 1576 250 1608 104.
274 1593 316 1597 —
338 1571 471 1616 gratia,
498 1570 536 1605 id
551 1571 649 1615 quod
663 1571 842 1616 postulas,
868 1571 916 1606 Et
934 1571 973 1605 id
993 1573 1032 1605 et
1052 1570 1155 1606 aliud
1171 1571 1449 1606 Lindemannus
1469 1572 1650 1606 clzssstinoeit.

121 1629 258 1674 gratia:
293 1628 330 1662 et
357 1626 453 1670 quod
480 1626 648 1670 postulas
674 1625 724 1659 Et
748 1624 780 1658 si
804 1628 845 1660 tu
872 1624 972 1659 aliud
999 1625 1088 1669 quid
1107 1625 1267 1660 Bria-ius
1293 1625 1355 1670 (cf.
1383 1626 1404 1661 l.
1431 1636 1457 1659 s.
1483 1626 1536 1668 s).

217 1684 295 1716 948.
324 1679 443 1714 abduc
457 1678 624 1713 Botlzius.
652 1678 796 1713 abduce
816 1679 1100 1723 Kampmannus
1119 1680 1161 1713 cle
1181 1687 1236 1713 AB
1256 1689 1423 1723 praepos.
1452 1690 1488 1723 p.
1506 1682 1527 1713 7
1547 1679 1652 1713 adn..-

121 1737 181 1771 sed
206 1735 326 1769 libera
351 1732 477 1767 ducito
503 1735 714 1776 corruptum
740 1743 784 1766 ea·
809 1731 939 1766 libella
964 1733 1208 1777 supraposito.

215 1791 294 1824 950.
321 1785 394 1821 Vbi
420 1797 487 1820 uos
515 1784 602 1820 estis
629 1786 808 1827 Bossclza,
833 1786 928 1830 quod
953 1787 1019 1820 etsi
1044 1786 1135 1828 ferri
1152 1797 1256 1830 posse
1282 1789 1408 1821 contra
1434 1785 1652 1820 Muellerum

123 1843 226 1877 Pros.
237 1854 275 1887 p.
295 1844 380 1876 305.
409 1839 593 1874 ‘Nachtn’
605 1850 644 1883 p.
659 1841 702 1873 41
731 1837 820 1883 (Vbi
847 1838 934 1873 §stis
963 1839 1053 1875 uos?
1079 1840 1130 1874 ite
1157 1841 1270 1883 atque
1296 1840 1483 1884 suadente)
1510 1840 1651 1873 clemon-

119 1899 212 1931 strat
243 1894 442 1939 Lanqenus
471 1892 617 1927 ‘Reno-,²
641 1903 680 1937 p.
708 1895 787 1928 227
812 1895 931 1928 tamen
963 1893 1062 1928 Heus
1096 1893 1160 1927 ubi
1194 1893 1282 1928 estis
1309 1897 1341 1927 et
1366 1904 1453 1928 usus
1480 1903 1651 1927 commen-

120 1950 184 1985 dat
209 1952 241 1983 et
267 1948 342 1982 Vos
368 1946 420 1981 ite
445 1957 476 1981 v.
497 1950 567 1981 951
591 1946 808 1991 oppositum,
834 1946 960 1990 aliqua
986 1958 1066 1981 cum
1091 1948 1238 1981 omnino
1263 1957 1354 1992 opus
1376 1948 1424 1981 sit
1442 1946 1651 1981 mutatione.

216 2004 296 2037 953.
322 2001 466 2035 Novam
490 2010 657 2035 scaenam
682 2011 789 2044 quam
810 1999 897 2033 libri
916 2000 1114 2034 ordiuntur
1138 2001 1284 2034 iniuria
1304 2003 1388 2044 post
1404 1998 1653 2034 Oamerarium

115 2057 304 2101 plerosque
329 2054 515 2089 sustulisse
541 2053 754 2098 Spenqelius
779 2053 903 2098 arquit
929 2054 950 2087 l.
977 2064 1004 2087 s.
1031 2064 1058 2088 s.
1080 2066 1119 2098 p.
1146 2057 1235 2089 278.

217 2112 295 2143 955.
335 2106 459 2142 facere
491 2109 656 2151 oportet,
688 2105 752 2141 ubi
784 2106 943 2149 Parcus,
974 2107 1179 2142 Bentleius.
1217 2108 1365 2152 oportet
1396 2107 1535 2150 facere,
1568 2106 1652 2141 cubi

120 2163 341 2198 Ritsclzelius
375 2160 502 2206 Opusc.
533 2159 609 2195 III
627 2171 665 2204 p.
694 2162 764 2194 139
798 2160 1005 2204 obloquente
1033 2162 1212 2196 llluellero
1247 2160 1430 2195 ‘Naehtrss
1460 2171 1499 2205 p.
1526 2162 1576 2195 28
1590 2171 1652 2204 sq,

120 2217 184 2261 qui
214 2216 336 2249 facere
376 2213 525 2258 oportet
562 2213 756 2254 defendens
787 2213 882 2248 locos
919 2215 1025 2249 aliter
1063 2218 1288 2259 comparatos
1326 2217 1530 2258 comparat:
1567 2224 1653 2247 nam

121 2271 244 2305 hiatus
268 2269 393 2304 nullus
417 2270 468 2301 est
493 2266 558 2301 ubi
583 2267 752 2303 admisso.
777 2288 818 2292 -
842 2268 980 2302 salsum
1007 2268 1055 2302 D.
1077 2268 1266 2302 Heinsius.
1299 2267 1339 2303 V.
1368 2270 1437 2302 95ss
1463 2270 1554 2302 recte
1578 2267 1652 2301 iam

122 2323 275 2358 Guietus
301 2321 368 2355 alii
393 2320 654 2365 intellegebant.

215 2378 295 2410 957.
322 2372 453 2418 Neque
479 2384 548 2418 ego
575 2384 637 2408 ero
665 2372 922 2409 Fleckeisenus
951 2375 1084 2409 Plzilol.
1112 2375 1167 2409 II
1183 2387 1221 2419 p.
1244 2378 1300 2410 98.
1329 2395 1372 2399 -
1399 2384 1578 2418 unquam,
1610 2385 1653 2407 no

121 2430 161 2463 tu
188 2439 290 2472 spem
318 2427 558 2462 Camerarius.
594 2437 760 2470 unquam
786 2439 830 2462 ne
856 2429 899 2462 tu
925 2428 962 2462 in
998 2439 1061 2472 spe
1088 2440 1131 2462 em
1158 2429 1249 2463 libro
1275 2429 1431 2472 quodam
1456 2428 1653 2462 Aciclalius

121 2481 208 2517 Div.
241 2492 279 2526 p.
314 2484 385 2516 100
424 2480 476 2524 (in
514 2489 616 2525 spem
657 2480 826 2522 Guietus‚
865 2482 1123 2516 Fleckeisenus
1149 2482 1170 2517 l.
1197 2493 1223 2516 s.
1251 2492 1277 2516 s.
1305 2482 1417 2517 Anal.
1445 2493 1484 2526 p.
1518 2483 1653 2525 415q.).

121 2545 334 2579 numquam,
362 2544 406 2568 ne
433 2544 537 2577 spem
569 2532 753 2568 Vahlenus
778 2533 903 2570 Herm.
931 2539 953 2570 t.
976 2535 1111 2570 XVII
1128 2546 1167 2580 p.
1190 2537 1273 2570 602.
1301 2535 1358 2570 De
1383 2536 1567 2570 verborum
1597 2544 1654 2567 me

123 2588 241 2622 bonae
267 2585 364 2631 frugi
390 2585 469 2620 fore
494 2586 702 2630 inteqritate
727 2587 920 2623 dubitabat
946 2588 1111 2623 BotleiuS.

217 2644 297 2675 959.
341 2649 419 2673 rem
444 2641 548 2674 tuam
575 2640 691 2683 (tuam
719 2650 796 2674 rem
822 2641 1000 2685 Bos-seha,
1027 2641 1311 2686 Kampmannus
1337 2643 1378 2676 cle
1410 2651 1465 2675 EX
1487 2650 1652 2684 praepos.

115 2705 154 2739 p.
183 2695 244 2737 18)
277 2691 392 2727 facies
418 2702 462 2726 ex
487 2704 535 2727 m.
563 2704 609 2728 m.
641 2692 810 2737 Pylades.
846 2695 993 2730 Versum
1019 2696 1084 2730 clel.
1123 2694 1290 2738 Guietus,
1314 2706 1379 2729 om.
1406 2695 1563 2728 Botleius
1591 2694 1652 2736 (cf.

121 2749 170 2782 acl
183 2759 214 2782 v.
230 2748 320 2789 008)
339 2746 692 2790 clittoyraphiamque
713 2750 744 2781 et
761 2749 931 2784 (Jsannus
945 2749 1056 2784 Anal.
1074 2760 1113 2793 p.
1129 2751 1206 2784 200
1219 2752 1250 2783 et
1265 2749 1333 2783 alii
1351 2750 1567 2782 statuerunt.
1588 2748 1654 2780 tua

122 2812 166 2835 ex
192 2811 230 2835 re
257 2801 346 2844 (scil.
374 2799 445 2833 erit
470 2799 532 2833 vel.
559 2798 706 2842 facies):
740 2801 854 2836 facies
889 2802 1071 2836 Valzlenus
1097 2802 1117 2836 l.
1144 2811 1170 2835 s.
1199 2811 1226 2835 s.
1254 2801 1376 2834 hiante
1402 2804 1433 2833 et
1467 2800 1596 2843 linqua
1622 2804 1654 2835 et

122 2854 277 2898 dialoqo.
309 2855 376 2887 tua
401 2863 445 2886 ex
471 2863 508 2887 re
535 2853 608 2895 est,
635 2851 749 2887 facies
775 2853 974 2899 Langyenus
1001 2854 1106 2888 Stucl.
1136 2854 1193 2887 Pl.
1216 2865 1254 2897 p.
1282 2857 1344 2887 2315.
1407 2852 1443 2886 V.
1465 2854 1586 2896 praef.

217 2910 295 2940 961.
335 2904 431 2948 Quid
459 2915 527 2950 ego
553 2904 695 2941 fateare
722 2908 984 2952 reclinteqravit
1010 2907 1233 2941 Luebbertus
1259 2906 1278 2940 l.
1301 2916 1328 2939 s.
1347 2915 1373 2939 s.
1397 2916 1435 2949 p.
1462 2907 1520 2940 83.
1556 2904 1650 2947 Quid

122 2969 190 3004 ego
206 2959 306 2993 haud
318 2958 439 2994 fatear
453 2958 615 2994 Guietus.
637 2957 736 2993 credi
757 2960 896 3004 pudeat
915 2961 1061 3004 †qu0m
1082 2961 1261 2994 autumes.
1288 2957 1486 3003 Vssinqius.
1520 2958 1647 2995 Veram
