1946 3344
605 806 1143 856 PRAEFATIO

225 1005 370 1048 Serius
405 1021 530 1061 quam
565 1007 803 1061 exspectari
841 1009 1013 1062 poterat
1052 1008 1157 1049 haec
1191 1006 1473 1063 Captivorum
1506 1010 1637 1051 editio

106 1078 325 1120 emittitur.
390 1077 520 1120 Cuius
559 1078 622 1119 rei
661 1092 815 1120 causae
856 1093 951 1120 cum
991 1093 1040 1120 ex
1082 1082 1206 1133 parte
1243 1094 1381 1134 neque
1419 1079 1502 1121 huc
1543 1094 1637 1134 per-

104 1150 272 1191 tineant
329 1164 466 1205 neque
518 1150 624 1191 mihi
673 1148 915 1205 Plautoque
971 1152 1122 1192 nostro
1181 1154 1328 1206 gratae
1385 1151 1637 1206 faustaeque

105 1221 283 1276 fuerint,
329 1236 414 1263 una
459 1222 611 1263 saltem
651 1221 821 1276 utrique
860 1221 1042 1275 profuit:
1088 1221 1201 1276 quod
1240 1222 1411 1276 quidem
1453 1222 1637 1277 benigne

105 1292 456 1347 permittentibus
497 1292 884 1346 adiuvantibusque
923 1293 984 1334 eis
1022 1307 1152 1347 penes
1192 1308 1298 1348 quos
1335 1294 1562 1335 arbitrium
1595 1297 1637 1335 et

105 1366 297 1419 potestas
319 1367 411 1406 erat
430 1379 508 1418 per
534 1379 606 1406 sex
628 1378 796 1405 menses
819 1366 862 1406 et
885 1364 999 1418 quod
1020 1364 1184 1406 excedit
1203 1364 1379 1407 Italiam
1405 1377 1636 1419 peragrare

105 1435 237 1490 potui.
289 1435 375 1477 Vbi
398 1451 492 1477 cum
513 1435 687 1478 tandem
718 1435 948 1490 aliquando
976 1436 1104 1477 urbes
1138 1436 1255 1478 locos
1288 1437 1514 1478 thesauros
1547 1451 1635 1477 mo-

104 1509 308 1548 numenta
335 1507 405 1548 diu
438 1510 611 1560 sperata
638 1507 771 1548 oculis
801 1507 1002 1560 viderem,
1036 1507 1165 1548 simul
1191 1506 1426 1548 Mediolani
1453 1506 1631 1549 Romae—

106 1593 186 1633 que
219 1581 476 1633 apparatum
510 1577 563 1619 ad
595 1577 829 1619 editionem
861 1581 1057 1619 nostram
1095 1579 1386 1620 necessarium
1421 1578 1635 1632 complere

106 1649 266 1691 studui:
301 1663 426 1703 quem
461 1649 622 1690 socium
650 1648 1065 1690 desideratissimum
1099 1653 1141 1691 et
1172 1649 1270 1691 huic
1303 1650 1479 1705 negotio
1513 1649 1634 1691 unice

106 1720 474 1762 accommodatum
508 1719 732 1761 absolvere
763 1719 856 1761 fata
887 1721 1129 1762 noluerant.

222 1791 491 1846 Quamquam
541 1791 670 1832 huius
720 1791 856 1845 ipsius
906 1791 1079 1833 fabulae
1134 1792 1389 1834 memoriam
1438 1792 1633 1834 Loewius

107 1866 252 1905 noster
296 1863 454 1904 dudum
500 1866 801 1918 composuerat
845 1864 1020 1918 eiusque
1065 1864 1250 1905 maxime
1296 1864 1431 1918 copiis
1481 1865 1635 1906 nititur

105 1934 209 1976 haec
241 1934 443 1976 recensio.
504 1933 657 1988 Itaque
690 1934 865 1976 ultimas
898 1937 1069 1977 tantum
1096 1936 1449 1977 commorationis
1471 1935 1632 1978 Medio—

105 2006 292 2047 lanensis
325 2005 454 2047 horas
486 2005 588 2047 huic
615 2004 894 2048 Ambrosiani
927 2006 1085 2048 codicis
1112 2007 1351 2062 particulae
1378 2008 1632 2062 relegendae

104 2076 305 2132 impertii,
332 2091 462 2131 quam
489 2077 586 2131 plus
615 2076 798 2118 sedecim
826 2077 946 2119 horis
975 2078 1304 2132 diligentissime
1335 2081 1631 2133 perscrutatus

105 2151 196 2190 erat
227 2148 427 2189 Loewius
461 2163 515 2189 m.
549 2147 653 2203 Apr.
689 2162 724 2189 a.
756 2147 1122 2191 MDCCCLXXX.

221 2220 263 2261 A
301 2219 457 2261 codicis
503 2233 606 2260 sane
651 2219 880 2260 dolendum
926 2223 991 2261 est
1035 2235 1122 2262 non
1165 2221 1262 2276 plus
1302 2221 1468 2263 duobus
1513 2221 1630 2263 foliis

104 2305 325 2347 superesse
352 2290 539 2344 217s218
568 2294 610 2332 et
636 2288 897 2344 219s220*):
930 2291 1003 2332 ubi
1036 2307 1074 2346 p.
1096 2293 1179 2334 217
1215 2307 1362 2334 versus
1396 2293 1629 2334 905—917

106 2363 297 2405 continet
336 2361 450 2419 (cum
490 2376 690 2403 versuum
730 2362 768 2402 2.
807 2362 846 2403 9.
887 2363 952 2404 13.
989 2364 1039 2404 17
1064 2364 1237 2406 Ξ906.
1277 2364 1375 2406 911.
1415 2364 1513 2406 913.
1546 2364 1630 2405 916

106 2449 230 2476 voces
263 2436 478 2476 extremae
511 2447 704 2475 seorsum
738 2433 923 2488 scriptae
957 2434 1056 2488 sint,
1096 2449 1243 2476 versus
1277 2438 1419 2477 autem
1453 2436 1478 2477 6
1512 2438 1633 2477 vacet

104 2505 346 2559 scriptura),
378 2505 516 2559 p.218
551 2518 696 2545 versus
727 2504 958 2545 918—931
996 2503 1210 2560 (versibus
1243 2508 1280 2547 2.
1314 2506 1353 2547 5.
1391 2507 1452 2546 14.
1489 2507 1542 2547 15
1576 2525 1630 2538 =

105 2576 201 2618 919.
246 2577 342 2618 921.
387 2576 484 2617 928.
530 2575 614 2616 929
664 2574 880 2630 bipartitis
925 2578 968 2616 et
1011 2591 1137 2618 versu
1178 2582 1200 2619 7
1241 2576 1407 2632 vacuo).
1470 2574 1630 2617 Versus

106 2661 203 2688 vero
238 2646 331 2688 fere
370 2660 517 2688 omnes
557 2645 686 2687 medii
727 2646 934 2700 perforati
977 2650 1076 2688 sunt
1113 2648 1260 2702 paucis
1300 2647 1467 2689 laciniis
1506 2647 1630 2700 plene

107 2718 300 2759 servatis.
357 2717 492 2759 Multo
528 2717 657 2758 etiam
685 2716 880 2758 miserior
912 2718 1089 2760 alterius
1123 2718 1217 2760 folii
1251 2718 1443 2760 condicio
1477 2720 1554 2771 est,
1586 2717 1629 2758 in

208 2853 241 2897 ss)
269 2852 371 2894 Quae
397 2851 507 2887 hodie
534 2852 587 2886 sic
613 2861 788 2886 conversa
815 2853 1021 2896 servantur,
1047 2854 1087 2886 ut
1112 2852 1136 2885 f.
1165 2854 1319 2898 210s‘220
1346 2851 1561 2895 praecedat:
1591 2851 1630 2885 at

111 2905 147 2940 in
169 2906 344 2951 vulgatae
371 2905 497 2941 codice
518 2916 590 2940 non
612 2902 726 2938 alium
754 2903 920 2939 ordinem
941 2906 1054 2940 fuisse
1078 2906 1188 2948 atque
1209 2904 1296 2939 olim
1319 2903 1457 2937 numeri
1487 2904 1628 2939 (locent.
