1946 3344
779 210 1053 247 PRAEFATIO
1611 212 1678 247 XV

151 321 233 363 1100
265 336 390 363 versu
423 322 480 362 94
505 321 647 375 ipsum
681 321 794 376 quod
827 323 957 363 antea
989 320 1278 363 desideramus
1314 320 1564 363 adverbium
1597 322 1683 363 illic

151 394 352 435 excurrit:
397 407 527 447 quare
566 393 647 434 hoc
687 393 780 434 loco
826 407 912 434 non
950 395 1040 434 tam
1081 407 1131 434 ex
1176 393 1420 434 coniectura
1461 407 1588 446 quam
1632 408 1683 434 ex

150 463 359 505 memoria
390 478 642 506 revocamus
677 463 826 505 eadem
859 478 1035 518 prorsus
1067 463 1245 517 ratione,
1277 479 1360 519 qua
1393 466 1522 505 antea
1553 479 1591 505 v.
1625 464 1679 505 59

150 536 231 577 csse
262 550 313 576 ex
344 550 383 577 v.
415 535 471 577 58
510 535 804 589 protrahimus
844 538 886 576 et
925 538 1103 577 scortum
1136 549 1185 576 ex
1218 550 1254 576 v.
1291 535 1342 576 71
1377 535 1422 576 in
1453 550 1490 576 v.
1524 536 1579 576 74
1612 535 1681 576 ad—

149 605 406 658 hibemus*).
440 606 557 655 Quae
579 621 674 648 cum
695 607 758 647 ita
780 607 881 661 sint,
900 621 1009 647 unus
1023 608 1168 670 xrestat
1187 620 1334 647 versus
1356 606 1408 647 31
1429 606 1681 660 quchchum

150 677 289 719 forma
331 678 546 719 emendari
589 677 796 719 videatur.
858 676 974 719 Nam
1017 692 1144 732 quem
1189 676 1442 732 Spengelius
1487 677 1681 719 adiunxit

148 764 185 791 v.
222 749 304 791 169
346 752 569 803 praeterea
607 763 703 790 cum
742 748 1019 790 Fleckeiseno
1066 748 1362 790 additamento
1408 750 1486 790 cmi
1526 749 1680 803 affecit,

151 835 246 862 cum
278 835 366 862 non
396 821 523 862 modo
558 819 760 873 sufficiat,
793 819 866 861 sed
892 820 1050 860 iterum
1077 819 1318 861 necessaria
1351 819 1408 860 sit
1435 820 1521 861 alia
1547 835 1681 875 eaque

149 891 255 933 satis
287 891 399 933 lenis
431 891 564 946 ratio,
606 906 690 946 qua
723 891 851 932 simul
891 891 999 932 alius
1041 890 1265 932 hominum
1298 890 1521 932 doctorum
1563 905 1681 932 error

147 962 371 1004 refutetur.
433 961 519 1004 Vbi
552 978 648 1005 cum
680 962 889 1004 traditum
922 962 997 1003 sit:

295 1033 406 1076 Nam
440 1049 584 1076 eccum
617 1034 687 1076 hic
719 1034 941 1089 captiuum
969 1031 974 1089 Ι
1005 1032 1322 1075 adulescentem
1351 1036 1356 1086 Ι
1387 1034 1539 1089 alcum,

146 1104 261 1147 haud
294 1106 419 1160 pauci
452 1106 564 1147 inter
593 1106 700 1147 alias
733 1106 998 1147 mutationes
1031 1118 1164 1147 eccum
1189 1104 1296 1146 Immo
1328 1104 1680 1162 scripseruntssss).

148 1175 285 1225 Quam
318 1177 458 1231 ipsam
491 1177 780 1218 coniecturam
812 1177 1078 1218 Dombartus
1118 1191 1214 1218 cum
1247 1177 1355 1218 alias
1402 1180 1493 1218 tum
1526 1179 1682 1219 Annal.

146 1247 252 1302 phil.
272 1247 457 1290 CXXIII
485 1247 540 1303 (a.
566 1246 698 1304 1881)
721 1263 760 1302 p.
783 1248 867 1290 185
883 1262 974 1303 sqq.
1006 1263 1084 1303 pro
1117 1248 1398 1290 fundamento
1431 1249 1680 1290 firmissimo

147 1318 300 1360 habuit
343 1320 434 1361 eius
477 1319 708 1375 opinionis,
754 1334 839 1374 qua
884 1319 1078 1374 captivos
1117 1334 1194 1374 per
1232 1320 1419 1373 primum
1461 1324 1602 1362 actum
1636 1321 1680 1361 in

147 1405 300 1432 scaena
334 1392 494 1433 versari
535 1392 690 1433 acriter
722 1390 924 1432 defendit.
986 1389 1138 1445 Neque
1171 1391 1244 1446 qui
1282 1392 1395 1433 hanc
1436 1392 1680 1446 opinionem

146 1461 284 1503 fusius
336 1477 465 1517 quam
517 1462 772 1518 diligentius
822 1462 1154 1517 impugnaverat
1204 1461 1456 1505 Martinsius
1508 1463 1680 1513 Quaest.

147 1532 287 1574 Plaut.
321 1533 383 1575 ed.
415 1532 514 1575 Hal.
547 1549 582 1575 a.
618 1534 730 1575 1879
763 1548 802 1588 p.
836 1533 891 1575 28
909 1548 997 1588 sqq.
1032 1536 1105 1574 aut
1136 1534 1237 1574 talis
1275 1534 1544 1576 fundamenti
1577 1535 1679 1577 levi-

146 1607 281 1646 tatem
309 1605 600 1660 castigaverat
633 1608 708 1646 aut
741 1604 916 1647 omnino
950 1619 1059 1659 quae
1093 1605 1306 1659 gravioris
1340 1606 1547 1647 momenti
1581 1611 1680 1648 sunt

147 1676 363 1718 attulerat.
422 1674 606 1718 Notavit
637 1691 738 1718 vero
770 1675 878 1717 illud
898 1674 1178 1730 Niemeyerus
1201 1675 1360 1718 ρΖ30111·.
1381 1677 1409 1719 f.
1432 1676 1587 1732 Gymn.
1608 1677 1680 1719 W?

145 1749 175 1790 t.
207 1747 395 1788 XXXIX
428 1762 464 1789 a.
507 1747 619 1789 1885
652 1762 690 1801 p.
724 1747 821 1788 362.
890 1747 982 1788 Iam
1022 1747 1104 1788 etsi
1143 1747 1195 1788 ad
1234 1749 1445 1790 curandos
1485 1750 1679 1803 captivos

148 1819 392 1860 abeundum
433 1833 526 1860 esse
565 1818 726 1860 lorario
767 1820 916 1872 aperte
959 1817 1063 1859 dicit
1101 1818 1239 1874 Hegio
1279 1835 1315 1861 v.
1353 1821 1454 1876 125,
1496 1836 1678 1876 quocum

146 1890 337 1948 concinit
368 1889 544 1932 secundi
570 1893 692 1932 actus
726 1889 961 1944 exordium,
993 1889 1070 1930 ubi
1096 1891 1206 1931 redit
1238 1891 1420 1933 lorarius
1455 1906 1550 1933 cum
1583 1908 1680 1947 cap-

145 1961 247 2003 tivis
293 1960 419 2003 ‘foris
465 1960 771 2002 ambulaturis’
812 1960 869 2015 (v.
911 1958 1036 2017 114),
1086 1961 1367 2004 nihilominus
1418 1962 1679 2005 Dombartus

145 2029 402 2088 Brixiusque
436 2047 532 2075 011111
560 2048 609 2075 00
642 2033 752 2074 miro
781 2032 964 2074 artificio
992 2047 1013 2073 e
1041 2035 1258 2076 contrario
1284 2034 1455 2090 fingunt
1485 2036 1678 2090 captivos

145 2224 247 2259 modi
273 2225 414 2270 placita
441 2226 648 2262 convenire.
684 2224 853 2260 Ceterum
876 2227 1045 2269 quamvis
1072 2227 1278 2263 liberaliter
1305 2241 1348 2263 ex
1368 2230 1476 2264 huius
1504 2230 1678 2264 editionis

144 2278 320 2313 instituto
359 2278 630 2315 diversissimas
663 2280 775 2323 atque
808 2279 921 2314 etiam
961 2281 1114 2315 frivolas
1147 2283 1337 2317 hominum
1372 2284 1563 2318 doctorum
1600 2295 1678 2317 sen-

144 2332 283 2366 tentias
310 2333 576 2378 congesserim,
609 2334 734 2368 tamen
761 2333 808 2367 ab
835 2333 959 2368 animo
985 2334 1186 2379 impetrare
1214 2347 1287 2370 non
1312 2337 1431 2381 potui,
1458 2338 1500 2370 ut
1524 2336 1679 2371 Belowii

144 2385 446 2421 dissertationem
480 2397 733 2431 excerperem:
766 2398 886 2431 neque
920 2387 1018 2422 enim
1044 2391 1124 2422 erat
1151 2391 1249 2432 quod
1287 2391 1384 2424 hunc
1411 2391 1533 2434 potius
1560 2390 1676 2424 nonii-

145 2449 273 2473 narem
302 2439 462 2474 ‘hiatum
482 2451 558 2475 non
579 2439 862 2475 sollicitantem’
893 2452 1004 2484 quam
1032 2443 1199 2485 quemvis
1228 2442 1343 2476 alium
1371 2442 1490 2487 σοφὸν
1518 2441 1676 2487 ἄσοφον.

265 2492 297 2537 *)
324 2492 521 2528 Praeterea
554 2492 598 2528 cf.
632 2506 665 2528 v.
694 2497 762 2528 208
777 2506 843 2538 sq.,
876 2498 944 2528 209
961 2506 1027 2538 sq.,
1061 2499 1146 2529 349:
1180 2500 1266 2539 351,
1300 2501 1367 2531 371
1384 2509 1446 2540 sq.,
1478 2500 1564 2531 479:
1598 2500 1678 2539 481,

146 2550 214 2581 505
229 2557 294 2589 sq.,
321 2550 388 2581 571
406 2558 460 2591 sq.
498 2547 545 2592 (v.
574 2546 733 2591 append.
769 2547 874 2592 crit),
907 2551 992 2582 847:
1026 2552 1104 2582 850.
1156 2548 1279 2594 Atque
1319 2550 1364 2584 de
1403 2549 1546 2584 duobus
1586 2562 1677 2593 quos

146 2610 259 2643 supra
284 2601 573 2635 commemoravi
599 2600 756 2645 aliisque
777 2600 956 2646 exemplis
982 2612 1090 2637 nemo
1118 2614 1292 2646 umquam
1315 2604 1377 2647 qui
1404 2614 1516 2638 sanae
1541 2603 1677 2637 mentis

146 2655 246 2687 esset
270 2653 468 2688 dubitavit.
502 2653 639 2696 Quodsi
674 2653 856 2697 ‘quidam'
893 2665 1040 2689 omnem
1072 2655 1167 2689 hanc
1195 2656 1285 2690 artis
1319 2656 1467 2691 criticae
1495 2655 1676 2689 rationem

146 2706 183 2739 in
209 2707 326 2750 praef.
351 2705 499 2741 Trucul.
526 2706 631 2741 novis
658 2708 844 2751 certisque
871 2709 1052 2753 exemplis
1078 2710 1261 2744 firmatam
1301 2710 1407 2754 quasi
1440 2708 1675 2753 nugatoriam

150 2758 240 2793 ‘mei
266 2758 465 2794 similibus’
494 2759 673 2804 relinquit
699 2760 777 2805 ‘qui
805 2763 931 2796 taxare
958 2763 1091 2797 sciant'
1122 2763 1262 2807 (Herm.
1289 2763 1390 2796 XVII
1420 2776 1453 2806 p.
1471 2767 1536 2797 611
1566 2763 1677 2806 adu),

146 2811 361 2857 importuna
385 2811 544 2848 saevitia
568 2813 745 2858 abreptus
771 2814 933 2858 iniquius
954 2816 1024 2850 sibi
1044 2816 1122 2860 ipse
1150 2828 1279 2850 sanum
1306 2816 1463 2859 abrogat
1489 2815 1676 2849 iudicium.

242 2865 295 2910 **)
326 2865 430 2901 Hanc
463 2866 685 2910 scripturam
719 2878 786 2912 per
818 2867 1015 2903 Dombarti
1046 2868 1325 2903 adnotationem
1359 2868 1471 2901 etiam
1508 2868 1545 2902 in
1582 2880 1678 2903 nova

147 2918 309 2954 editione
336 2918 481 2953 Brixius
508 2920 555 2953 ad
581 2932 615 2955 v.
646 2924 661 2953 1
691 2920 856 2965 retinuit,
890 2922 958 2955 etsi
985 2922 1105 2966 ipsum
1134 2933 1279 2956 versum
1314 2920 1385 2955 iam
1416 2932 1458 2955 ex
1485 2921 1675 2965 Spengelii

146 2970 360 3006 coniectura
385 2971 495 3007 aliter
520 2972 721 3007 constituit.
