1946 3344
762 197 1036 233 PRAEFATIO
1577 197 1662 232 XIX

256 307 319 350 Ac
357 308 543 362 primum
581 307 752 361 quidem
795 307 908 361 quod
952 306 1198 348 nominibus
1244 305 1519 360 vestibusque
1565 309 1664 348 ante

134 379 304 421 fabulae
349 378 570 421 exordium
616 378 891 420 commutatis
941 377 1125 419 consilia
1169 392 1246 418 sua
1289 377 1486 433 longiore
1531 377 1661 419 collo-

138 449 291 506 quio*)
318 465 355 492 v.
382 450 468 492 218
481 464 570 504 sqq.
602 451 931 504 persequuntur,
963 463 1058 490 cum
1090 447 1232 504 Hegio
1265 448 1458 506 yersibus
1492 448 1661 490 demum

134 521 220 563 330
235 536 326 576 sqq.
358 520 611 575 pronuntiet
644 535 688 562 se
721 520 909 575 aliquem
941 520 1173 561 missurum
1208 534 1300 561 esse
1330 519 1376 560 in
1395 518 1584 561 Alidem:
1618 520 1662 560 in

132 593 213 634 hac
244 606 289 633 re
320 592 441 633 nulla
467 591 798 646 deprehenditur
832 591 1121 645 discrepantia
1153 593 1228 632 aut
1259 591 1425 646 lacuna,
1458 590 1661 646 quoniam

131 663 216 718 ipsi
248 663 409 718 captivi
448 677 496 704 60
528 662 710 704 tendunt
748 663 801 704 ab
834 662 979 716 initio,
1017 664 1065 703 ut
1098 661 1319 703 dominum
1352 662 1396 703 in
1427 662 1539 704 hanc
1571 677 1661 704 rem

131 734 338 776 inducant
376 731 479 790 (quo
518 735 714 788 spectant
752 733 940 788 Tyndari
981 732 1112 774 verba
1143 748 1180 774 v.
1215 733 1300 775 260
1315 747 1406 788 sqq.
1438 733 1523 774 276
1539 733 1661 788 sqq).

133 806 325 856 Quocum
358 805 558 847 cohaeret
591 804 701 859 quod
735 803 876 858 Hegio
911 819 935 845 a
967 804 1181 858 principio
1215 804 1331 859 dicit,
1363 805 1437 845 ubi
1469 804 1660 846 indutiae

131 877 270 920 factae
304 877 390 918 sint
417 890 460 918 se
487 876 658 918 mittere
690 876 812 929 velle,
845 874 997 917 deinde
1024 875 1174 916 statim
1201 875 1356 916 mittit:
1388 890 1660 931 nequaquam

130 949 249 1002 prius
282 947 391 990 illud
423 947 678 1003 neglegente
710 949 841 1002 poeta
873 945 940 1001 (ut
971 945 1202 1001 Langenus
1234 946 1389 1001 putat),
1425 947 1659 1001 qui.inter-

128 1019 323 1074 posuerit
348 1018 532 1073 Tyndari
567 1019 698 1060 verba
725 1018 818 1060 seni
843 1017 1143 1072 persuadentis
1176 1033 1214 1059 v.
1247 1018 1352 1059 348:
1398 1017 1538 1072 Neque
1563 1019 1659 1060 adeo

128 1091 225 1144 quoi
256 1093 366 1132 tuom
396 1090 612 1132 concredas
641 1089 776 1143 filium
808 1089 946 1131 hodie
977 1087 1266 1145 audacius**).

246 1160 395 1215 Neque
422 1161 580 1203 rectius
608 1160 841 1203 abhorrere
869 1175 894 1202 a
913 1161 1003 1202 veri
1030 1160 1310 1202 similitudine
1332 1160 1477 1215 arguit
1495 1159 1659 1216 Lange-

126 1246 207 1273 nus
247 1231 359 1287 quod
392 1231 532 1287 Hegio
572 1246 742 1274 servum
776 1246 902 1286 quem
942 1231 1075 1273 credit
1114 1231 1306 1273 dimittat
1346 1234 1575 1286 antequam
1609 1247 1659 1273 ex

127 1303 224 1345 aliis
265 1303 446 1357 captivis
485 1305 764 1358 percontatus
799 1302 873 1357 sit,
913 1317 1017 1344 num
1055 1316 1204 1344 revera
1234 1301 1527 1345 Philocratem
1559 1304 1658 1345 reti-

125 1374 277 1416 nuerit.
329 1373 479 1429 Neque
513 1375 625 1416 enim
659 1374 841 1416 Plautus
874 1374 990 1428 dicit,
1023 1373 1097 1415 sed
1130 1372 1373 1429 Langenus,
1404 1375 1484 1416 tali
1518 1375 1658 1428 suspi-

125 1446 245 1487 cione
267 1448 434 1487 motum
454 1445 695 1502 Hegionem
716 1447 1021 1500 percontatum
1042 1459 1146 1500 esse,
1171 1445 1315 1500 ecquis
1338 1445 1658 1487 adulescentem

123 1517 292 1558 noverit
326 1516 380 1572 (v.
414 1514 532 1573 459).
595 1516 733 1559 Immo
775 1516 1134 1571 Aristophontem
1175 1516 1310 1571 ipsius
1353 1517 1551 1571 precibus
1585 1517 1656 1558 ob-

126 1591 296 1630 secutus
339 1588 393 1629 ad
433 1588 726 1630 Philocratem
769 1588 961 1630 sodalem
1002 1586 1145 1643 Hegio
1188 1588 1360 1629 adducit
1403 1586 1460 1644 (v.
1493 1587 1579 1630 512
1594 1603 1656 1643 sq.

124 1658 253 1714 515),
295 1674 568 1714 nequaquam
617 1662 664 1700 ut
705 1660 758 1700 ab
801 1673 851 1700 60
900 1659 1056 1700 certior
1098 1659 1177 1700 fiat
1217 1659 1267 1700 de
1308 1658 1570 1701 Philocrate:
1615 1662 1657 1700 et

124 1731 178 1772 ab
207 1730 325 1772 omni
360 1731 604 1785 suspicione
638 1745 766 1785 quam
801 1730 965 1772 alienus
1000 1730 1058 1772 sit
1090 1730 1331 1772 certissima
1365 1745 1490 1785 quam
1522 1730 1656 1772 habet

124 1894 256 1918 verum.
307 1882 400 1917 Item
434 1881 572 1917 iniuria
603 1881 739 1927 aliquis
765 1881 929 1918 haeserit
953 1882 990 1917 in
1018 1893 1080 1926 eo,
1108 1882 1207 1927 quod
1232 1895 1265 1918 v.
1294 1886 1361 1918 645
1388 1883 1487 1927 (640)
1514 1882 1655 1918 Aristo—

122 1936 283 1981 phontes
300 1936 444 1980 quaerit
459 1936 530 1972 Sed
554 1937 618 1972 ubi
643 1937 675 1971 is
699 1947 798 1972 nune
817 1940 878 1981 est,
905 1947 988 1971 cum
1015 1938 1127 1971 antea
1140 1949 1172 1971 v.
1188 1940 1256 1971 573
1278 1937 1399 1981 Hegio
1425 1937 1500 1971 iarn
1521 1937 1657 1972 dixerit

121 1991 219 2025 Nam
251 1991 315 2025 ille
346 1990 488 2035 quidem
520 2000 620 2034 quem
646 1994 689 2025 tu
713 2001 784 2025 esse
808 1991 905 2026 hunc
935 2000 1109 2026 memoras
1133 1990 1236 2024 hodie
1269 1990 1354 2024 hinc
1379 1989 1473 2024 abiit
1498 1988 1652 2025 Alidem.

121 2043 215 2078 Nam
244 2044 371 2078 iterari
398 2043 635 2088 quaestiones
657 2055 739 2078 cum
767 2043 917 2079 omnino
937 2053 1055 2086 neque
1076 2054 1098 2076 a
1117 2043 1218 2077 vitae
1247 2042 1514 2077 consuetudine
1534 2053 1653 2086 neque

121 2109 143 2132 a
169 2097 446 2132 comoediarum
472 2096 784 2141 descriptionibus
811 2097 1010 2132 abhorreat
1035 2096 1094 2141 (cf.
1125 2096 1284 2141 append.
1312 2097 1359 2130 ad
1386 2108 1419 2131 v.
1444 2098 1562 2141 1018),
1588 2095 1654 2131 illo

121 2151 201 2185 loco
241 2150 528 2195 Aristophontes
567 2151 668 2185 totus
705 2151 836 2185 haeret
872 2150 911 2184 in
942 2149 1103 2194 Tyndari
1142 2148 1285 2184 offuciis
1326 2149 1420 2183 nihil
1460 2150 1653 2194 praeterea

121 2215 263 2238 curans.

236 2259 270 2302 ’ἢ
303 2257 566 2293 Leviusculum
601 2259 658 2292 est
689 2257 788 2301 quod
819 2256 948 2292 lorarii
982 2256 1210 2302 ‘suspiciosi'
1245 2267 1441 2302 personam
1474 2257 1652 2292 Plautum

118 2321 191 2345 non
216 2321 381 2346 servasse
408 2310 533 2355 arguit
557 2323 594 2356 p.
612 2313 677 2345 117
703 2310 742 2344 in
768 2309 937 2355 longiore
964 2311 1149 2356 colloquio
1177 2310 1419 2346 admittendo.
1458 2311 1554 2345 Nam
1582 2311 1652 2346 etsi

119 2375 163 2399 ex
195 2365 247 2399 eri
280 2363 437 2409 imperio
470 2363 655 2409 agendum
694 2364 764 2398 fuit
801 2363 949 2408 lorario,
987 2365 1113 2400 tamen
1152 2364 1242 2409 quid
1267 2365 1346 2410 ipse
1385 2365 1524 2400 sentiat
1560 2367 1650 2401 satis

117 2417 242 2461 prodit
267 2430 298 2453 v.
327 2421 394 2452 209
428 2417 487 2461 (cf.
514 2430 547 2452 v.
576 2421 641 2451 119
657 2419 744 2461 sq.):
777 2418 890 2461 atque
921 2418 981 2452 vel
1007 2417 1128 2463 Hegio
1162 2420 1404 2463 praeceperat
1436 2431 1469 2453 v.
1499 2423 1566 2453 114
1580 2431 1649 2463 sq.:

118 2472 224 2506 sinite
255 2471 442 2506 ambulare
550 2471 610 2506 sed
642 2471 699 2505 uti
730 2471 978 2506 adseruentur.
1036 2470 1141 2513 Quod
1174 2482 1262 2506 vero
1294 2470 1333 2506 in
1368 2471 1439 2506 fine
1472 2472 1650 2516 colloquii

118 2524 238 2559 haesit
268 2525 465 2569 Langenus
497 2536 533 2569 p.
559 2527 627 2559 272
643 2536 720 2568 sqq.
754 2536 797 2559 ex
829 2525 932 2569 parte
966 2525 1140 2560 cohaeret
1177 2536 1262 2559 cum
1291 2526 1458 2560 versibus
1486 2530 1554 2561 240
1570 2537 1647 2569 sqq.

117 2577 238 2613 minus
276 2579 375 2613 recte
413 2577 616 2612 intellectis
649 2577 708 2622 (cf.
748 2577 939 2622 append.):
979 2589 1063 2612 nam
1096 2582 1290 2623 propterea
1328 2591 1360 2613 v.
1401 2582 1469 2613 240
1511 2579 1648 2623 optimc

117 2632 275 2666 refertur
300 2632 346 2666 ad
366 2631 479 2666 verba
503 2632 598 2676 quod
617 2631 685 2665 tibi
702 2632 849 2675 suadeo,
873 2632 1045 2667 suadeam
1064 2642 1138 2665 meo
1158 2631 1273 2675 patri,
1303 2642 1420 2674 neque
1448 2631 1556 2673 male,
1583 2631 1647 2665 ubi

118 2695 155 2719 se
187 2683 263 2718 iam
295 2695 442 2719 servum
483 2695 561 2719 esse
594 2684 731 2718 servuli
757 2684 936 2729 inculcat,
974 2684 1068 2719 illud
1101 2683 1290 2729 adiungit:
1330 2685 1372 2718 ut
1405 2683 1646 2718 nihilominus

116 2737 313 2783 pristinam
338 2738 519 2783 pietatem
545 2739 677 2773 servet.

211 2790 266 2836 **>
300 2792 420 2826 Minus
452 2791 566 2826 etiam
597 2791 825 2826 haerendum
857 2791 896 2825 in
923 2802 965 2827 eo
993 2790 1092 2835 quod
1124 2802 1189 2835 per
1220 2790 1496 2834 inquisitionem
1532 2789 1646 2824 efficit

118 2856 162 2880 ex
193 2845 369 2890 captivis,
407 2856 500 2889 quae
533 2845 607 2879 iam
640 2844 733 2879 sciat
759 2856 869 2889 seque
901 2845 994 2880 scire
1022 2844 1257 2889 profiteatur:
1297 2854 1340 2877 ea
1372 2842 1469 2876 enim
1496 2842 1645 2877 omnino

117 2898 218 2933 valet
248 2898 500 2943 inquisitionis
536 2898 649 2942 ratio,
682 2899 785 2933 velut
823 2898 933 2934 iudex
966 2899 1061 2934 solet
1097 2896 1245 2941 publice
1279 2906 1454 2940 quaerere
1491 2908 1532 2931 ex
1561 2896 1644 2940 reis,

121 2961 214 2996 quae
243 2952 333 2986 satis
360 2952 438 2998 ipse
464 2952 535 2987 scit
559 2962 727 2997 quaeque
752 2951 809 2986 illi
835 2951 909 2986 iam
936 2953 1048 2986 antea
1074 2949 1232 2984 confessi
1259 2950 1355 2983 sunt.

1306 3009 1357 3043 bss
