1946 3344
234 197 352 231 XXVI
860 195 1137 232 PRAEFATIO

235 303 372 361 tatur)
416 306 604 360 itemque
653 305 765 360 quod
809 305 1038 347 Frontonis
1083 308 1126 347 et
1164 305 1322 347 Donati
1363 306 1662 364 testimonia*)
1707 308 1760 350 ad

236 391 274 418 v.
306 377 391 418 299
426 380 468 417 et
502 377 610 417 1331
647 377 807 418 omissa
840 379 951 431 sunt,
982 377 1067 418 iam
1107 377 1149 417 in
1183 376 1416 431 appendice
1448 379 1623 421 correxi.
1678 379 1761 420 De-

235 448 364 502 nique
395 450 566 502 praeter
599 450 796 489 accentus
836 446 893 504 (v.
925 447 1025 489 237.
1063 448 1160 489 242.
1199 448 1297 489 434.
1339 449 1434 491 741.
1475 450 1600 492 1044.
1635 450 1761 492 1362.

240 520 364 560 1367.
382 516 514 574 1382)
530 519 719 573 aliasque
741 519 1038 560 distinctiones
1059 516 1117 575 (v.
1131 517 1238 560 285¹)
1252 519 1371 561 clueo.
1388 544 1442 549 —
1458 520 1541 562 391
1558 522 1684 562 naui:
1705 545 1759 550 ——

235 591 322 630 412
341 591 432 645 sim,
463 615 519 619 --
555 591 668 632 1142
687 591 827 632 sciam.
861 587 937 645 —-)
970 604 1055 631 non
1088 605 1184 631 mea
1210 591 1334 645 culpa
1362 592 1544 633 omissas
1571 592 1762 647 corrigas

236 677 273 701 v.
307 661 389 702 287
425 662 468 701 in
503 664 705 703 contextu
737 661 802 703 Ite
832 676 910 715 pro
943 661 1015 702 Ita
1046 663 1088 702 et
1120 662 1163 702 in
1197 661 1292 702 adn.
1320 661 1371 702 ad
1403 677 1441 703 v.
1468 662 1554 704 550
1585 677 1633 705 ex
1664 662 1762 720 (pro

237 729 306 787 ex)
346 735 388 773 et
421 732 472 773 ad
506 747 539 774 v.
575 732 659 774 656
693 732 899 775 CXXXI
925 747 1001 787 pro
1036 731 1301 775 CXXXIII.
1365 733 1558 787 Denique
1592 735 1763 776 stellula

236 803 459 844 adicienda
489 803 574 845 fuit
605 819 640 845 V.
674 804 773 846 234.
805 805 903 846 277.
934 804 1032 846 424.
1065 804 1165 846 432.
1199 805 1293 846 778.

354 873 419 916 De
447 875 753 930 dittographiis
782 875 1036 930 quibusdam
1063 877 1105 916 et
1131 875 1294 916 lacunis
1322 876 1500 930 aliisque
1528 877 1632 919 locis
1654 877 1763 918 diffi-

237 945 454 988 cilioribus
494 946 575 988 etsi
606 961 694 988 non
727 947 941 999 deessent,
979 961 1085 1001 quae
1124 947 1345 988 commode
1377 947 1459 989 hoc
1490 948 1586 990 loco
1620 949 1760 1004 dispu-

236 1020 386 1069 tarem,
405 1020 551 1060 tamen
571 1018 699 1059 finem
720 1018 876 1060 faciam
898 1018 1143 1073 praefando,
1165 1019 1366 1073 quoniam
1381 1019 1553 1073 gravior
1567 1022 1762 1074 quaestio

238 1088 385 1130 critica
412 1104 540 1144 quam
569 1105 697 1144 supra
722 1090 1003 1132 tractavimus
1031 1089 1208 1131 solitum
1236 1090 1424 1144 spatium
1450 1089 1539 1131 fere
1566 1091 1764 1145 explevit.

238 1158 331 1208 Quo
370 1161 511 1202 minus
556 1161 636 1203 hac
681 1162 901 1203 occasione
941 1161 1096 1202 abutar
1135 1161 1187 1202 ad
1231 1161 1530 1202 illustrandam
1569 1160 1765 1216 Seyfferti

237 1245 471 1287 censuram,
504 1247 587 1286 qua
608 1232 673 1273 his
694 1233 800 1286 ipsis
822 1232 968 1273 diebus
989 1232 1039 1273 de
1060 1230 1339 1286 Captivorum
1361 1232 1548 1274 editione
1575 1233 1764 1275 referens

236 1301 381 1351 πάθος
412 1303 555 1357 potius
589 1318 716 1358 quam
748 1301 885 1357 λόγον
917 1303 1120 1357 prodidit.
1163 1302 1301 1351 Quam
1333 1318 1556 1345 censuram
1590 1304 1763 1346 omnino

238 1373 427 1427 iniquam
460 1374 748 1429 iniustamque
788 1389 879 1416 esse
921 1389 970 1416 ex
1008 1375 1142 1429 ipsius
1182 1374 1322 1416 verbis
1361 1374 1544 1428 probare
1576 1390 1765 1430 possum,

236 1443 280 1486 in
315 1445 496 1499 singulis
535 1447 678 1486 autem
719 1446 1077 1501 castigationibus
1115 1460 1204 1487 non
1241 1460 1399 1500 paucos
1433 1460 1598 1488 errores
1632 1447 1764 1489 conti-

236 1529 336 1556 nere
374 1517 478 1557 meis
524 1517 792 1572 argumentis
830 1516 965 1558 fretus
1008 1517 1115 1559 dico.
1184 1515 1264 1558 Sed
1304 1531 1399 1558 cum
1438 1519 1528 1558 tam
1561 1533 1605 1559 re
1638 1533 1766 1573 quam

237 1587 377 1628 verbis
423 1588 527 1629 satis
573 1588 797 1629 ostendam
842 1602 908 1629 me
956 1588 1199 1630 criticorum
1242 1588 1442 1642 plausum
1480 1603 1568 1630 non
1606 1603 1766 1643 curare,

238 1672 291 1698 ne
313 1657 513 1712 Seyfferti
546 1658 734 1713 quidem,
767 1659 886 1700 cuius
919 1659 1123 1700 iudicium
1156 1660 1200 1700 in
1234 1659 1382 1700 multis
1416 1659 1564 1714 magni
1595 1659 1765 1714 faciam,

239 1731 281 1769 et
313 1729 432 1770 illam
466 1744 689 1771 censuram
721 1732 764 1771 et
796 1730 902 1771 alias
935 1745 1021 1772 non
1053 1731 1194 1771 minus
1227 1731 1413 1785 iniquas,
1452 1745 1557 1785 quas
1590 1733 1680 1771 tam
1713 1731 1764 1772 de

238 1798 432 1854 Captivis
471 1816 599 1854 quam
639 1802 689 1842 de
733 1802 813 1842 hac
856 1801 1004 1843 fabula
1041 1802 1155 1843 edita
1187 1803 1404 1855 exspecto,
1449 1816 1584 1855 aequo
1619 1802 1763 1843 animo

237 1871 390 1924 patiar,
423 1872 677 1925 praesertim
705 1873 740 1913 si
761 1876 804 1913 et
822 1871 1018 1928 Langeni
1038 1875 1082 1914 et
1102 1873 1292 1914 virorum
1312 1872 1631 1928 primariorum,
1663 1888 1764 1927 quo-

237 1956 329 1983 rum
355 1944 598 1984 nominibus
630 1943 817 1985 frontem
849 1943 976 1985 huius
1009 1943 1209 1985 editionis
1243 1944 1457 1998 exornavi,
1489 1958 1541 1985 ne
1562 1944 1603 1985 in
1626 1947 1764 1998 poste-

238 2027 332 2053 rum
366 2013 535 2068 quidem
568 2029 635 2055 me
668 2014 934 2069 derelinquet
967 2015 1156 2069 benigna
1189 2015 1442 2056 exhortatio.

356 2113 667 2169 Heidelbergae
700 2131 753 2156 m.
786 2115 898 2158 Iulio
933 2132 968 2157 a.
1001 2114 1453 2158 MDCOCLXXXVII.

1569 2227 1621 2270 F.
1656 2226 1702 2272 S.

358 2332 390 2376 ³⁸)
424 2333 600 2368 Consulto
633 2327 964 2370 omisi'Frontonis
991 2333 1105 2369 verba
1129 2345 1163 2378 p.
1191 2338 1254 2378 40,
1281 2332 1358 2368 GN.
1399 2345 1481 2368 cum
1509 2345 1541 2368 v.
1572 2337 1638 2367 115
1665 2345 1759 2368 com-

237 2388 379 2429 parata..
