1946 3344
784 209 1034 246 APPENDIX
1591 207 1671 248 101

141 307 208 340 bus
234 307 292 343 liic
318 308 365 351 (et
395 320 422 342 e.
447 310 513 342 111
524 307 555 351 .9)
581 311 722 352 recepta
748 320 778 342 v.
797 309 868 342 453
893 316 1031 351 quoque
1054 305 1107 340 sic
1131 304 1349 339 mutandum
1374 303 1570 347 contendit,
1594 314 1673 338 cum

142 359 300 394 Plautus
318 361 465 396 omnino
489 361 677 405 utriusque
701 363 906 395 structurae
931 359 1094 403 eaeempla
1118 358 1292 393 exhibeat.
1321 356 1482 391 Ceterum
1502 357 1544 391 (le
1569 367 1673 400 quae-

141 413 300 448 storibus
331 415 376 456 cs'.
406 414 654 449 Mommsenus
679 414 722 448 cle
753 413 832 448 iure
858 412 962 456 publ.
988 411 1093 446 Rom.
1119 411 1187 445 112
1206 422 1245 454 p.
1275 412 1346 445 530¹
1382 410 1540 455 (Quaest.
1568 409 1671 444 Rom.

141 466 197 500 II
210 477 247 511 p.
263 469 335 501 435
361 468 474 512 adn).
526 468 612 502 Iam
632 471 714 511 post
740 467 836 501 hune
860 475 1000 501 versum
1029 464 1230 510 Geppertus
1254 475 1285 499 υ.
1301 468 1348 499 21
1364 474 1413 508 sq.
1435 464 1578 499 traiecit
1603 462 1672 497 Hic

142 518 182 552 in
210 517 269 553 Sic
294 523 452 564 mutato,
479 523 561 564 post
593 531 694 564 quem
726 519 885 553 Brittius
917 519 1002 554 olim
1033 528 1171 552 versum
1200 520 1246 551 50
1272 521 1304 553 et
1329 521 1382 553 22
1414 517 1472 552 liic
1497 517 1673 552 acliunaee't

142 572 256 607 deleta
283 583 450 608 versuum
469 576 516 608 21
539 577 570 608 et
591 576 633 608 51
661 572 912 618 dittoqrapliia
936 583 1034 607 nwnc
1059 582 1139 606 cum
1158 571 1370 617 Niemeyero
1395 571 1533 613 faciens
1559 572 1603 615 (v.
1625 571 1673 605 acl

139 636 170 658 v.
187 627 234 666 1).
261 625 369 661 Recte
378 626 569 672 Vssinqius
595 627 781 662 oblocutus
800 628 850 660 est
867 625 1019 660 subiecti
1042 624 1277 659 mutationem
1295 625 1387 667 ferri
1401 634 1506 668 posse
1524 634 1670 668 neqasns.

235 682 291 713 36.
313 679 391 720 Quo
405 682 517 724 pacto
530 680 617 714 hine
633 681 699 724 (vel
713 678 791 721 Quo
806 678 892 712 hine
906 678 1035 722 pacto)
1050 687 1174 712 seruos
1196 687 1342 711 seruom
1356 677 1486 711 herum
1502 677 1668 712 Botliz'us.

234 735 289 767 39.
323 732 383 767 hic
414 733 523 768 huius
550 733 832 768 Lindemannus
863 742 880 766 e
905 732 980 766 eod.
1009 730 1127 772 Guelf.
1161 729 1273 765 hodie
1300 731 1365 764 olel.
1394 730 1560 765 Bothius.
1615 730 1669 773 Cf.

139 785 359 820 Ritsclielius
394 786 523 831 Opusc.
556 786 613 820 II
640 797 676 830 p.
704 787 794 828 687,
832 784 1032 819 Muellerus
1064 784 1166 819 Pros.
1195 795 1234 828 p.
1264 786 1352 827 381,
1391 784 1599 820 Brancltius
1628 786 1670 818 ‹lc

138 840 245 874 varia
268 850 346 884 qen.
372 840 465 884 sinq.
489 849 594 884 pron.
622 849 728 873 mens.
750 849 789 882 p.
817 840 873 872 18.

235 895 290 926 40.
330 892 440 927 hodie
473 892 581 927 docte
613 892 787 936 expediet
819 892 913 926 hanc
940 891 1114 926 Bothius:
1147 894 1185 925 at
1211 891 1255 933 ef.
1283 891 1522 936 Bruqmanus
1542 903 1579 935 p.
1609 893 1669 926 32.

140 946 301 980 Ceterum
330 957 356 980 υ.
385 945 581 990 Lanssenus
608 944 726 990 Syrrzb.
754 956 788 988 p.
817 946 849 978 3.

233 1002 288 1033 41.
316 999 366 1032 Vt
393 1010 419 1032 s.
448 1009 478 1032 e.
505 998 619 1032 faciat
649 997 860 1042 Geppertus.

231 1056 275 1086 46
289 1063 361 1096 sqq.
390 1051 449 1085 Sic
474 1050 674 1086 inscientes
689 1051 845 1087 Botliius
872 1052 966 1086 olim.
988 1071 1031 1075 —
1053 1051 1091 1085 hi
1113 1063 1179 1085 sua
1200 1050 1271 1085 sibi
1285 1050 1539 1086 Fleckeisenus
1562 1053 1667 1096 (idem

136 1117 167 1140 v.
196 1109 242 1140 50
269 1105 370 1140 domi
397 1116 462 1140 suo
490 1105 561 1140 sibi
588 1108 620 1140 et
645 1107 737 1150 aput
764 1116 871 1139 suum
896 1117 926 1140 v.
954 1106 1025 1149 49).
1077 1105 1133 1139 De
1159 1105 1244 1140 solis
1275 1105 1436 1140 versibus
1464 1108 1510 1141 50
1523 1117 1574 1151 sq.
1601 1107 1664 1141 clu

135 1159 228 1194 bitat
261 1159 463 1204 Vssz'nqiuS,
489 1169 576 1204 quos
602 1160 699 1203 ipsos
725 1160 928 1194 clausulam
958 1158 1168 1204 ‘eqreqiam’
1203 1159 1308 1193 habet
1333 1158 1568 1205 Niemeyerus
1595 1161 1615 1194 l.
1642 1172 1667 1194 s.

134 1223 161 1247 s.
187 1223 263 1248 non
294 1214 485 1248 declarans
516 1213 604 1256 quid
636 1213 770 1257 eqreqii
800 1213 891 1247 insit
923 1223 1034 1257 neque
1065 1212 1107 1246 in
1131 1214 1280 1246 metrica
1308 1213 1568 1256 depravatione
1594 1226 1667 1249 ver-

136 1266 261 1301 borum
293 1277 337 1301 ea:
369 1265 468 1301 Rucl.
495 1278 526 1301 v.
555 1268 625 1301 155
665 1267 934 1311 desumptarum
971 1276 1083 1311 neque
1120 1266 1161 1300 in
1197 1265 1314 1301 verbis
1353 1277 1464 1309 quom
1502 1267 1669 1312 recogito

130 1322 278 1363 praeter
309 1330 414 1354 usum
445 1319 614 1354 subiectis
647 1320 705 1363 (cf.
738 1319 900 1363 eoeempla
932 1330 955 1354 a
980 1319 1181 1354 Luebberto
1214 1319 1359 1354 collecta
1385 1320 1427 1354 cle
1452 1324 1546 1366 synt.
1568 1324 1667 1365 part.

134 1380 245 1413 QVOM
264 1383 304 1416 p.
332 1375 391 1407 46.
418 1375 492 1408 211
506 1375 583 1417 sq).
634 1372 688 1407 Et
719 1373 782 1408 lios
806 1383 928 1408 versus
954 1375 986 1407 et
1011 1372 1265 1416 praecedentes
1291 1383 1334 1407 ece
1363 1373 1441 1407 alia
1466 1374 1670 1409 recensione

133 1426 202 1460 leuc
227 1426 347 1461 illatos
374 1436 444 1460 esse
470 1436 544 1460 non
569 1430 642 1461 tam
669 1427 816 1461 molesta
839 1426 1004 1470 repetitio
1037 1436 1146 1470 quam
1172 1426 1296 1460 hiulca
1325 1427 1532 1461 coniunctio
1558 1427 1666 1462 (locet.

143 1478 181 1512 V.
210 1482 254 1513 48
281 1480 368 1513 sunt
386 1490 458 1523 pro
485 1479 530 1513 de
560 1478 771 1524 Geppertus.

229 1536 283 1567 52.
316 1531 356 1566 V.
384 1532 450 1567 clel.
479 1532 643 1567 Guietus.
677 1532 824 1567 fabulae
855 1533 963 1577 (conl.
991 1543 1048 1566 res
1075 1532 1224 1577 amoris)
1258 1533 1427 1568 Botliius.
1479 1533 1535 1568 De
1560 1533 1667 1568 nobis

135 1585 239 1620 uobis
272 1586 555 1630 transponendis
590 1587 771 1631 coquebat
803 1586 1016 1631 Lessz'nqius
1051 1586 1228 1621 adiuncta
1266 1587 1381 1621 altera
1416 1587 1667 1631 emplicatione,

133 1649 224 1682 quae
259 1641 425 1683 praestat
459 1638 717 1675 Gronovianae
755 1651 778 1674 a
812 1639 1015 1674 Dombarto
1050 1639 1255 1684 Brixz‘oque
1286 1640 1466 1684 probatae
1508 1642 1579 1684 (res
1618 1645 1667 1676 est

134 1690 263 1737 ἔργον,
288 1691 417 1726 fabula
443 1692 599 1736 μῦθος);
624 1704 709 1727 nam
739 1692 861 1738 ‘quasi
886 1693 956 1727 res'
979 1693 1154 1737 pervertit
1179 1694 1404 1728 sententiam.

228 1748 285 1780 55.
332 1745 427 1780 Nam
461 1747 688 1790 pertractate
720 1745 827 1781 Valla
853 1757 931 1781 cum
959 1747 1054 1781 aliis.
1106 1746 1190 1780 Non
1220 1747 1451 1791 praetextate
1478 1747 1666 1782 BIeursius

132 1800 264 1834 Exere.
291 1799 369 1834 crit.
398 1799 426 1832 Ι
443 1810 482 1843 p.
499 1801 556 1834 53.
603 1799 659 1834 De
685 1810 814 1835 uorsus
827 1812 858 1835 v.
875 1804 918 1834 56
933 1800 976 1842 cf.
997 1799 1254 1835 Fleckeisenus
1279 1801 1381 1844 epist.
1397 1801 1475 1835 crit.
1486 1812 1524 1845 p.
1550 1801 1664 1835 VIII.

227 1856 283 1889 58.
317 1863 388 1886 neu
420 1852 626 1887 uereamini
656 1852 872 1888 Gulielmius
902 1854 968 1898 Qu.
995 1854 1037 1888 in
1065 1852 1167 1898 Oapt.
1187 1865 1228 1898 p.
1256 1856 1328 1889 354
1359 1854 1426 1889 del.
1460 1854 1575 1888 etiam
1595 1866 1665 1898 pro

132 1918 211 1941 esse
238 1919 261 1940 a
289 1905 501 1940 Gamerario
526 1906 772 1942 substitutum.
795 1905 955 1941 Ceterum
982 1907 1026 1949 ef.
1055 1907 1290 1953 Ladewiqius
1316 1908 1453 1943 Annal.
1476 1908 1570 1952 phil.
1596 1909 1662 1943 vol.

135 1959 276 1994 XCIX
298 1970 332 2003 p.
360 1961 406 1994 47
410 1961 442 1994 5.

228 2017 283 2048 59.
310 2011 451 2047 Aetolis
478 2011 555 2047 dixi
589 2024 670 2047 eum
698 2012 963 2049 Aulidensibus
991 2014 1161 2059 Pylades.
1197 2013 1274 2048 dixi
1301 2024 1377 2049 esse
1405 2015 1546 2050 Aetolis
1579 2025 1661 2049 cum

130 2067 258 2102 Valeis
285 2066 498 2111 ›Spenqelius
526 2066 661 2102 Philol.
685 2068 753 2104 vol.
783 2067 1002 2102 XXXVII
1016 2079 1055 2112 p.
1082 2070 1162 2103 417.

228 2124 283 2156 62.
310 2119 490 2154 Desubito
517 2120 643 2155 conari
669 2132 778 2166 agere
805 2132 872 2156 nos
898 2120 1066 2156 Botliius.
1119 2121 1252 2156 Conari
1280 2120 1440 2156 subitam
1466 2122 1533 2166 (sie
1554 2122 1661 2167 Itali)

131 2184 242 2219 agere
278 2184 344 2208 nos
370 2172 659 2208 Lindemannus.
710 2173 762 2209 At
796 2185 908 2219 neque
938 2175 1129 2219 probabile
1163 2179 1212 2210 est
1244 2187 1311 2210 nos
1342 2176 1384 2210 in
1416 2176 1500 2210 ntos
1532 2176 1663 2210 abiisse

130 2239 241 2272 neque
272 2227 392 2271 ipsum
415 2236 613 2270 pronomen
644 2228 804 2272 quadrat
835 2229 944 2272 (unde
969 2227 1066 2262 Nam
1098 2228 1168 2263 hoc
1201 2228 1311 2273 plane
1342 2228 1508 2272 iniquom
1543 2232 1662 2264 esset

134 2280 319 2326 Pylades).
371 2279 504 2313 Conari
530 2280 699 2315 desubito
726 2280 857 2315 inritos
883 2282 948 2316 clel.
977 2293 1086 2326 agere
1113 2280 1165 2317 ἓ.

225 2337 280 2368 65.
308 2332 422 2367 faxim
447 2333 533 2368 olim
559 2334 650 2369 coni.
678 2355 722 2359 —
750 2345 910 2378 pugnam
941 2336 1068 2370 cernat
1092 2335 1237 2370 Rosius.

225 2390 280 2421 68.
308 2385 476 2431 Plerique
501 2397 581 2422 eum
609 2387 750 2433 Pylade
776 2391 881 2432 atque
904 2389 1073 2424 Acidalio
1094 2389 1180 2424 Div.
1202 2400 1241 2433 p.
1257 2391 1305 2423 88
1331 2390 1581 2426 distinxerunt
1607 2390 1659 2425 iu-

131 2441 230 2476 dices
263 2439 458 2475 iustissimi
490 2440 606 2484 domi,
641 2441 829 2485 duellique
862 2441 1089 2477 duellatores
1117 2442 1260 2487 optumi
1293 2443 1509 2488 (Geppertus
1536 2445 1660 2479 vitiose

129 2494 246 2529 duelli
271 2494 336 2528 clel.
364 2494 449 2538 que)
459 2506 469 2527 .·
505 2504 617 2539 neque
649 2497 768 2529 tamen
793 2497 883 2529 recte
914 2496 1089 2530 divellunt
1122 2497 1317 2538 formulam
1344 2497 1444 2531 domi
1471 2497 1658 2541 duellique

130 2548 190 2594 (cf.
218 2547 324 2582 Asin.
351 2548 456 2591 559),
487 2557 566 2582 cum
599 2547 698 2582 domi
731 2547 957 2583 duellatores
992 2552 1113 2592 aperte
1145 2549 1194 2584 ad
1224 2560 1255 2583 v.
1284 2552 1330 2584 63
1344 2560 1416 2594 sqq.
1448 2552 1656 2595 respiciant.

132 2601 292 2637 Ceterum
311 2600 355 2642 ef.
372 2599 593 2635 Ritsclzelius
613 2600 762 2646 Parerq.
773 2613 811 2646 p.
827 2604 905 2637 232
932 2602 1030 2645 adn,
1058 2602 1315 2638 Laclznzannus
1340 2604 1381 2638 in
1401 2604 1510 2638 Luer.
1520 2615 1557 2648 p.
1573 2606 1656 2639 112.

226 2656 280 2688 70.
309 2652 413 2694 Quod
439 2652 634 2688 inuocatus
652 2654 820 2699 Pylades.
857 2655 952 2697 Quia
971 2657 1165 2691 inuocatus
1187 2656 1229 2691 G.
1252 2656 1489 2691 Her-mannus
1515 2657 1656 2691 Annal.

124 2708 215 2753 phil.
246 2705 406 2740 XXXV
430 2716 469 2750 p.
498 2709 578 2741 191.
630 2707 682 2741 Eo
721 2707 808 2751 quia
845 2708 1016 2744 inueatus
1050 2710 1212 2745 Kocliius
1250 2711 1387 2744 Annal.
1420 2710 1509 2752 phil.
1545 2710 1601 2745 CI
1616 2721 1653 2754 p.

129 2763 212 2796 686.
246 2760 341 2794 Item·
364 2770 398 2794 v.
426 2762 467 2793 71
529 2758 613 2794 Scio
653 2760 794 2796 dictum
833 2763 991 2798 absurde
1029 2763 1203 2798 Bothius³
1243 2784 1282 2787 —
1322 2764 1367 2805 cf.
1404 2762 1656 2797 Fuci-essenus

128 2814 230 2858 epist.
257 2813 336 2847 erit.
359 2823 397 2856 p.
419 2812 532 2846 XXI
556 2834 598 2837 —
616 2817 815 2858 praeeunte
842 2815 925 2850 Scio
952 2815 1131 2850 derisores
1159 2816 1299 2850 dictum
1326 2814 1483 2849 absurde
1513 2814 1654 2852 Guieto.

225 2870 267 2901 72
283 2876 332 2911 sq.
358 2876 444 2899 nam
472 2868 571 2901 certe
604 2867 796 2913 Vssinqius
822 2869 906 2903 olim
932 2869 1032 2914 (nam
1059 2869 1159 2903 certo
1187 2868 1316 2913 Amph.
1343 2871 1425 2903 004.
1456 2869 1540 2904 Mil.
1568 2870 1654 2914 379)

127 2923 251 2964 postea
275 2929 380 2954 versu
400 2920 525 2963 potius
545 2923 593 2954 73
619 2931 725 2955 suum
745 2932 816 2966 pro
844 2924 1006 2957 scortum
1031 2923 1189 2957 scribens
1215 2932 1294 2956 cum
1321 2920 1496 2965 Seyfferto
1520 2922 1652 2957 Pleilol.

134 2972 283 3006 XXIX
306 2983 343 3017 p.
366 2974 449 3008 386.
500 2972 630 3008 Priore
656 2976 818 3008 scortum
846 2976 913 3010 clel.
940 2975 1010 3009 sibi
1034 2974 1263 3010 Camerarius
1290 2975 1512 3009 acliunoeerat
1536 2977 1656 3011 versui
