1946 3344
143 235 159 268 I
185 238 218 277 2,
242 236 377 268 17—21
765 230 1045 267 PSEVDOLVS
1618 233 1673 273 27

144 340 341 383 Officium
374 344 571 382 uestrum
605 343 653 381 ut
684 342 761 382 uos
789 341 901 382 malo
935 341 1100 395 cogetis
1133 342 1456 383 commonerier.
1604 352 1671 384 150

142 411 308 466 Nempe
341 414 388 453 ut
420 412 599 453 animati
632 413 752 462 estis,
784 410 957 454 uincitis
991 412 1152 454 duritia
1183 412 1295 468 tergi
1326 413 1409 454 hoc
1436 413 1563 468 {itque
1591 427 1670 454 me.

142 483 237 526 Hoc
270 481 328 525 sis
355 482 470 537 uide,
502 484 551 524 ut
577 482 682 524 alias
709 484 775 524 res
803 485 957 537 agunt:
990 482 1072 525 hoc
1099 483 1237 539 agite,
1268 484 1349 526 hoe
1377 483 1568 526 animum
1595 484 1665 526 ad-

1210 556 1380 609 u6rtite,

143 625 239 667 Huc
272 624 473 666 adhibete
506 625 620 666 auris
654 639 761 679 quae
789 626 868 680 ego
903 625 1076 680 loquar,
1108 625 1382 681 pla-gigerula
1414 640 1572 682 genera
1597 627 1674 669 h6-

1212 697 1407 739 minum.-

145 767 389 822 Numquam
421 767 573 822 edepol
601 770 797 809 nostrum
824 767 970 809 darius
996 770 1168 822 tergum
1196 769 1278 810 erit
1304 783 1432 823 quam
1458 770 1674 825 terginum

1210 839 1291 881 h6e
1324 855 1479 882 meum.

239 942 318 973 154.
347 938 495 972 Nonius
518 949 554 981 p.
581 939 674 981 227,
698 940 763 972 15:
788 939 936 983 tergum
962 938 1094 972 neutro
1121 948 1255 981 genere
1284 938 1357 972 diei
1383 940 1420 974 et
1447 940 1674 975 consuetudo

142 994 180 1027 et
198 994 366 1027 ueterum
386 991 510 1025 firmat
524 991 737 1026 auctoritas.
769 990 926 1025 Plautus
941 990 1142 1026 Pseudolo:
1173 991 1183 1007 ‘
1195 1002 1422 1035 nunquam
1438 1020 1444 1027 .
1462 1021 1468 1026 .
1486 1021 1492 1027 .
1510 1005 1542 1026 m
1554 1004 1650 1027 eum
1662 993 1672 1009 ’

142 1112 300 1147 extiterit
325 1111 391 1145 etsi
415 1111 574 1144 nescitur
600 1113 722 1144 tamen
746 1110 810 1144 via:
835 1110 949 1153 fuerit
973 1108 1232 1154 neglegentes)
1251 1110 1297 1145 A.
1338 1110 1427 1145 estis
1452 1110 1591 1155 perditi
1611 1123 1674 1147 ne-

144 1164 328 1210 gligentes
348 1163 498 1209 ingenio
518 1163 689 1208 improbo
711 1163 751 1197 F
759 1163 800 1197 Z.
839 1164 882 1198 de
907 1164 1189 1207 transponendis
1209 1163 1297 1198 estis
1319 1163 1573 1209 neglegentes,
1594 1176 1674 1210 per-

141 1218 210 1253 diti
230 1218 363 1263 eoyitat
378 1217 615 1252 Hermannus
635 1227 788 1261 quoque.
815 1216 952 1261 perditi
967 1217 1067 1259 estis,
1080 1216 1332 1261 neglegentes,
1348 1215 1500 1261 ingenio
1517 1217 1674 1261 inprobo

142 1272 255 1307 edidit
280 1271 513 1306 Bitschelius.
570 1270 659 1305 estis
692 1269 852 1315 praediti
887 1269 1072 1305 desidioso
1111 1269 1279 1315 ingenio,
1319 1270 1467 1315 inprobi
1505 1270 1674 1307 Loewius

144 1327 165 1360 1.
193 1336 219 1360 s.
245 1336 272 1360 s.
296 1336 334 1369 p.
363 1327 444 1359 163.
496 1323 585 1358 estis
622 1323 840 1368 neglegenti
871 1323 1021 1368 ingenio
1053 1324 1232 1369 praediti,
1265 1324 1436 1368 improbo
1468 1326 1522 1359 vel
1548 1326 1672 1370 negle-

143 1378 247 1423 genti
278 1377 438 1422 praediti
470 1377 670 1412 Bluellerus
696 1377 795 1413 Acld.
830 1378 879 1411 ad
899 1388 999 1421 pros.
1030 1389 1068 1422 p.
1095 1380 1166 1412 139
1301 1381 1378 1412 150.
1406 1387 1599 1422 UEsTRUM
1625 1379 1674 1423 A,

143 1434 308 1466 uestrum
336 1431 433 1469 (ufffi
461 1431 515 1474 D)
545 1431 678 1475 reliqui
767 1440 962 1475 UOsMALQ
988 1430 1024 1465 A
1115 1440 1286 1476 coenus
1313 1432 1358 1466 A.
1399 1432 1574 1477 cogitatis
1602 1433 1671 1468 D1:

143 1497 234 1521 corr.
260 1484 326 1519 ΒΞ.
379 1483 538 1529 cupiatis
564 1484 787 1519 Ritsehelius
809 1485 927 1528 praef.
948 1495 988 1529 p.
1019 1484 1134 1527 XIV,
1159 1485 1312 1527 fortasse
1336 1496 1415 1519 vere
1523 1494 1675 1521 COMMO-

142 1548 299 1582 NERIER
318 1538 354 1572 A
430 1541 507 1572 151.
531 1537 680 1572 Versum
700 1539 790 1572 delet
809 1537 996 1579 Usenerus,
1016 1541 1136 1573 tuetur
1150 1538 1348 1582 Lanyenus
1363 1538 1466 1574 Stucl.
1484 1538 1543 1573 Pl.
1553 1550 1592 1583 1).
1602 1541 1674 1574 357

237 1601 379 1634 NEMPE
406 1592 443 1626 A
524 1592 567 1625 ut
591 1592 733 1635 scripsi.
769 1591 825 1625 ita
844 1591 932 1625 libri
950 1602 1030 1626 cum
1041 1591 1089 1635 A,
1102 1591 1323 1626 Ritsehelz'us
1403 1592 1503 1636 estis,
1523 1592 1674 1627 uincitis

144 1645 284 1680 duritia
309 1643 408 1689 tergi
432 1645 504 1679 hoc
529 1645 671 1689 scripsi.
726 1645 1102 1687 ESTISCOStTNCI(veZ
1126 1648 1390 1688 EffisnumTA
1417 1672 1423 1678 .
1452 1673 1459 1680 .
1488 1675 1495 1681 .
1522 1655 1673 1687 ATQ-ME

144 1701 201 1742 (ut
229 1699 363 1733 lacuna
388 1706 466 1732 Hoc
494 1698 634 1742 capiat)
658 1697 705 1732 A.
765 1697 853 1732 estis
880 1709 945 1733 uos
970 1697 1110 1733 uincite
1135 1698 1206 1732 hoe
1234 1697 1371 1733 duritia
1396 1698 1557 1741 (duricia,
1582 1700 1617 1733 B
1626 1700 1674 1743 Z)

145 1762 232 1796 ergo
261 1752 372 1795 atque
397 1762 456 1786 me
482 1751 602 1786 BOD
613 1752 656 1785 Z.
703 1751 792 1786 estis
818 1762 887 1785 uos
914 1751 1062 1786 uincere
1088 1751 1159 1786 hoe
1186 1751 1328 1785 duricia
1354 1753 1450 1797 tergi
1476 1753 1588 1797 atque
1615 1765 1674 1787 me

144 1805 193 1848 F,
220 1805 391 1849 Pylades.
437 1804 526 1839 estis
552 1805 701 1838 uincere
727 1805 797 1838 hoc
822 1815 890 1838 uos
916 1803 1053 1839 duritia
1078 1805 1186 1849 tergi.
1203 1810 1315 1848 atque
1341 1816 1399 1839 me
1426 1806 1673 1841 Hei-mannus.

145 1858 248 1902 estis,
275 1859 423 1893 uincere
447 1857 587 1892 duritia
613 1857 709 1902 tergi
735 1857 806 1892 hoc
832 1861 944 1902 atque
970 1869 1029 1891 me
1054 1858 1286 1893 Ritschelz‘us.
1332 1860 1374 1893 de
1400 1859 1559 1893 duritiae
1586 1870 1674 1904 ergo

142 1914 277 1958 coqitat
297 1912 455 1947 Botlzius
528 1911 672 1956 Nempe
691 1911 748 1946 ita
767 1911 927 1946 animati
946 1911 1096 1947 uincitis
1117 1911 1187 1947 hoe
1209 1912 1348 1947 duritia
1366 1913 1464 1957 tergi
1484 1915 1595 1956 atque
1617 1924 1674 1947 me

143 1966 356 2011 Spenyeh'us
383 1966 404 2000 l.
419 1976 446 2000 s.
464 1976 487 2000 s.
512 1976 552 2010 p.
568 1968 640 2000 396
746 1965 787 2000 V.
814 1968 1011 2001 152—156
1035 1966 1100 2001 Ῐιοσ
1119 1966 1245 2000 ordine
1265 1967 1440 2001 collocant
1461 1966 1675 2010 BODFZ,

141 2031 229 2065 quos
248 2020 300 2054 sic
320 2020 508 2054 collocatos
526 2019 632 2053 habet
645 2017 700 2052 A:
724 2020 805 2054 152.
823 2021 1197 2054 154.153.155.156.
1225 2019 1361 2053 eosdem
1386 2020 1439 2054 sic
1464 2020 1674 2063 transponit

143 2073 380 2108 Bitschelius:
408 2074 489 2106 154.
503 2075 589 2106 152.
606 2074 685 2106 155.
701 2075 784 2106 156.
801 2074 870 2107 153
891 2084 934 2106 ex
948 2075 1057 2116 parte
1076 2076 1232 2106 mutatos
1306 2075 1384 2107 152.
1408 2072 1485 2106 Hoc
1509 2071 1557 2106 sis
1577 2072 1675 2116 uide,

143 2129 185 2160 ut
210 2125 303 2160 alias
329 2124 497 2160 Loewius
523 2125 545 2158 l.
572 2135 599 2159 s.
625 2136 653 2159 s,
675 2136 714 2169 p.
743 2128 822 2160 164.
861 2124 942 2159 Hoc
967 2125 1053 2160 uide
1080 2125 1129 2159 sis
1155 2126 1198 2159 ut
1223 2125 1316 2159 alias
1343 2124 1436 2160 DF.
1482 2126 1562 2160 Hoc
1587 2125 1674 2161 uide

143 2180 193 2213 sis
219 2180 261 2213 ut
286 2190 375 2213 anas
402 2179 447 2213 B.
492 2178 571 2212 Hoc
597 2178 753 2212 uidessis
778 2181 821 2212 ut
846 2177 941 2213 alias
969 2179 1011 2213 Z.
1068 2178 1148 2213 Hoc
1173 2177 1310 2212 uidisse
1338 2178 1387 2212 sis
1414 2182 1457 2212 ut
1481 2181 1540 2221 (em
1560 2179 1674 2213 uidis-

143 2233 199 2267 set
224 2234 281 2275 ut)
313 2231 407 2266 alias
429 2230 466 2266 G.
506 2239 858 2266 HOCUIDEASALIAS
885 2232 938 2266 A:
965 2232 1010 2274 ef.
1037 2231 1197 2266 Baierus
1218 2243 1255 2276 p.
1277 2234 1336 2267 24.
1389 2232 1468 2266 Hoc
1494 2232 1580 2267 uide
1608 2233 1675 2267 sis:

144 2285 239 2320 alias
266 2297 344 2320 cum
371 2285 504 2320 Bomio
530 2285 760 2319 Ritschelius.
812 2284 907 2319 Vide
934 2284 982 2319 sis
1009 2286 1052 2319 ut
1078 2284 1173 2320 alias
1200 2285 1294 2319 idem
1319 2286 1360 2320 in
1381 2286 1465 2320 adn.
1518 2285 1598 2320 Hoc
1626 2285 1674 2319 sis

142 2339 243 2373 uide:
272 2337 364 2373 alias
390 2338 645 2373 Fleckeisenus
664 2337 796 2373 Plzilol.
817 2339 884 2373 vol.
906 2338 958 2371 II
981 2340 1160 2380 (a.115'47)
1185 2349 1222 2381 p.
1247 2340 1294 2372 90
1374 2346 1674 2382 RESAGUNTHOQ

142 2395 173 2426 et
193 2400 430 2434 Anunn'riTE
451 2391 487 2425 A
563 2394 639 2425 153.
661 2400 744 2435 Huc
764 2392 795 2425 A
875 2390 975 2426 auris
989 2391 1035 2425 B.
1070 2391 1242 2433 Aum(vel
1261 2392 1325 2434 E)s
1339 2391 1386 2425 A.
1415 2401 1522 2426 aures
1538 2390 1680 2426 CDFZ

237 2452 1190 2488 QUAEEGOLOQUORPLAGIGERAGENERAHOMiNUM
1231 2443 1267 2478 A
1310 2444 1396 2486 (ubi
1440 2444 1680 2489 plagigerula

141 2498 326 2540 Bothius).
379 2508 474 2542 quae
507 2500 595 2541 (que
621 2497 667 2531 B.
703 2508 774 2544 que
801 2498 855 2541 D)
888 2508 957 2542 ego
992 2496 1127 2541 loquar
1159 2497 1355 2541 plagigera
1387 2507 1525 2542 genera
1558 2496 1678 2532 homi-

141 2563 231 2586 num
264 2549 481 2585 BGDFZ.
539 2561 632 2594 quae
664 2561 733 2595 ego
766 2550 912 2594 loquar,
948 2562 1073 2585 omnes
1107 2550 1294 2585 aduertite
1323 2549 1488 2584 animum
1513 2551 1677 2585 Bitscho-

142 2605 231 2640 Zz'us:
257 2605 301 2647 ef.
320 2606 401 2639 156.
446 2604 647 2639 homonum
675 2605 716 2638 in
739 2604 812 2647 fine
824 2604 1006 2647 Berylcius
1027 2603 1156 2647 Opuse.
1178 2603 1245 2637 vol.
1262 2604 1290 2637 Ι
1302 2615 1340 2647 p.
1357 2607 1436 2639 149.
1485 2603 1674 2638 hominum

141 2657 338 2703 plagigera
374 2667 513 2702 genera
551 2657 765 2702 Spenyelius
801 2658 823 2691 Z.
849 2667 876 2692 s.
902 2667 928 2692 s.
958 2667 996 2700 p.
1019 2658 1091 2691 396
1201 2655 1364 2690 Ceterum
1403 2666 1435 2690 v.
1476 2656 1565 2690 delet
1597 2655 1675 2689 Use-

140 2722 249 2746 nerns
274 2712 297 2746 Z.
322 2721 349 2746 s.
375 2721 403 2746 s.
444 2721 524 2745 cum
551 2710 799 2746 Fleckeiseno:
830 2711 962 2755 quibus
994 2709 1216 2744 assentiebar
1251 2709 1331 2744 Act.
1364 2719 1432 2743 soe.
1455 2709 1545 2752 phil.
1572 2708 1673 2752 Lips.

140 2765 207 2799 vol.
224 2764 286 2798 VI
301 2775 341 2808 p.
367 2766 462 2799 257:
500 2764 546 2807 cf.
574 2763 773 2798 Muellerus
798 2762 896 2798 Adel.
931 2764 980 2799 ad
1008 2773 1107 2807 pros.
1129 2773 1168 2807 p.
1197 2766 1245 2798 99
1369 2765 1446 2796 154.
1474 2761 1676 2804 Nunquam

141 2817 288 2853 Nonius
383 2826 541 2860 ΕΒΕΡΟῙ,
569 2818 603 2851 A
700 2824 888 2851 UOSTRUM
913 2816 958 2852 A.
998 2815 1082 2850 uim
1110 2815 1193 2850 OD.
1230 2815 1400 2849 uestrum
1424 2815 1571 2858 reliqui,
1598 2814 1674 2849 No-

142 2871 229 2906 nius
323 2878 472 2914 DURIUS
500 2870 544 2904 A.
583 2869 715 2904 durum
740 2870 887 2905 Nonius
984 2869 1110 2903 durius
1138 2869 1307 2903 nostrum
1333 2878 1412 2902 cum
1436 2867 1573 2901 Botltio
1593 2867 1676 2902 Rit-

143 2924 293 2958 schelius
418 2932 514 2965 ERH
546 2922 582 2957 A
697 2934 771 2966 qua
807 2923 842 2957 B
965 2923 1152 2967 terginum
1193 2921 1262 2955 hoc
1301 2919 1580 2963 (terginumhoc
1618 2920 1676 2964 B)

145 2975 356 3011 BGDFZ.
415 2984 627 3019 'usnemun
661 2978 704 3012 A.
761 2977 831 3012 hoc
866 2976 1054 3021 terginum
1082 2974 1245 3009 Nonius:
1290 2973 1334 3016 cf.
1369 2972 1561 3008 Reblinz'us
1601 2974 1675 3009 loeo
