1946 3344
263 202 282 240 1
291 200 346 241 156
904 197 1148 232 APPENDIX
1601 180 1669 234 399
1679 203 1788 234 -420

380 311 446 341 401
461 318 534 351 sqq.
573 316 743 350 egressus
778 317 859 340 sum
892 305 1066 340 editiones
1097 306 1183 340 inde
1215 318 1239 340 a
1278 305 1505 341 Oamerario:
1531 307 1627 341 unde
1651 307 1790 341 erravit

261 360 471 404 Speuqelius
501 360 540 394 T.
570 359 622 394 M.
653 359 695 393 P.
719 371 758 402 p.
785 361 808 393 4
835 359 920 393 adn.
950 379 990 383 —
1019 358 1135 404 <hic>
1161 360 1198 393 te
1232 359 1389 394 conueni
1429 360 1645 404 WVaqnerus.
1666 380 1711 385 —
1732 360 1790 395 De

262 426 292 448 v.
321 417 389 447 402
417 415 462 456 cf.
491 413 613 457 Scipio
643 413 799 447 Gentilis
831 412 981 456 Parery.
1015 412 1043 446 Ι
1072 415 1131 447 28.
1188 411 1306 448 Verba
1335 413 1514 457 Ligneam
1536 441 1542 448 .
1566 441 1572 447 .
1599 442 1604 448 .
1627 441 1634 448 .
1656 425 1789 458 proxu-

262 468 362 501 must
382 467 606 501 Messenioni
624 467 755 501 tribuit
769 466 1000 510 Ribbeckius,
1025 466 1090 510 qui
1109 466 1194 500 olim
1212 467 1391 511 traqieam
1417 467 1579 511 aliquam
1591 467 1791 512 parodiam

263 521 370 554 latere
395 521 437 554 in
462 531 492 553 v.
520 522 593 554 403
619 520 890 564 suspicabatur.
940 520 1062 554 fissam
1096 530 1167 563 pro
1204 519 1315 554 fixam
1342 523 1373 554 et
1405 530 1486 555 eum
1518 520 1703 565 Scaliqero
1729 531 1789 555 ex-

265 584 391 608 cusam
421 584 490 617 pro
526 583 718 608 excussam
756 584 845 608 corr.
874 571 912 606 'R
949 573 1160 618 refraqante
1202 572 1380 618 Vssinqio.
1430 573 1488 608 De
1519 584 1711 609 excussam
1743 575 1788 618 ef.

263 627 429 662 Loewius
454 626 534 662 Act.
562 637 630 661 soe.
652 627 743 671 phil.
771 626 877 670 Lips.
913 625 974 660 VI
994 637 1032 670 p.
1059 629 1131 662 349
1158 629 1190 660 et
1219 626 1358 662 Onions
1384 627 1406 661 l.
1433 637 1460 662 s.
1487 638 1514 662 s.
1537 638 1577 671 p.
1605 631 1663 663 60.

381 690 450 720 404
463 697 534 730 sqq.
562 685 735 731 pellionis
762 697 827 721 om.
862 687 918 720 est
950 686 1019 729 def.
1056 685 1206 721 Olsenus
1236 697 1276 731 p.
1303 689 1384 721 101.
1436 687 1523 722 Post
1549 697 1690 722 versum
1721 690 1790 721 404

261 751 341 775 cum
360 740 552 784 prioribus
579 741 804 775 Illessenioni
829 740 1008 775 tributum
1032 749 1064 773 v.
1092 743 1161 774 406
1175 750 1247 784 sqq.
1275 740 1417 785 insequi
1442 741 1550 775 iussit
1570 739 1792 776 Ribbeckius

257 805 294 837 p.
324 796 396 828 53⁴7
409 803 458 837 sq.
495 804 524 828 v.
553 797 622 828 405
648 794 841 828 inculcans
876 796 960 828 ante
990 803 1022 827 v.
1056 797 1125 827 415
1158 796 1190 827 et
1220 804 1304 828 mox
1336 804 1368 828 v.
1395 797 1463 828 438
1478 805 1528 839 sq.
1556 798 1638 830 ante
1663 806 1694 830 v.
1722 798 1791 830 418

261 849 316 882 ita
341 848 527 889 traiciens,
553 851 594 881 ut
619 859 688 891 quo
715 848 789 882 loeo
809 848 851 881 in
876 846 981 881 libris
1006 850 1144 882 exstent
1168 846 1324 890 fortasse
1350 847 1486 882 lacuna
1511 849 1707 883 statuenda
1731 849 1789 884 sit.

265 900 320 943 Of.
348 901 396 936 acl
421 911 453 934 v.
482 902 554 935 387
581 904 612 935 et
638 901 687 935 acl
711 912 742 935 11.
770 903 851 934 407.

381 963 461 994 405.
488 958 720 1006 Iam<iam>‚
754 959 905 1002 amabo,
934 958 1061 993 desine
1089 957 1331 995 Camerarius.
1384 960 1461 993 Iam
1486 958 1619 1006 (me),
1646 960 1791 1004 amabo,

260 1012 389 1048 desine
420 1024 502 1048 eum
534 1012 689 1048 Grutero
724 1012 763 1047 R
795 1013 855 1056 (ef.
883 1013 1034 1056 Parery.
1062 1022 1100 1055 p.
1128 1014 1204 1047 428
1217 1013 1291 1057 sq.).
1343 1013 1401 1047 De
1435 1012 1594 1058 de(si)ne
1624 1023 1794 1058 pronun—

260 1068 387 1102 tiando
425 1067 632 1101 hariolatur
672 1066 847 1101 Crainius
886 1066 991 1101 stud.
1031 1064 1156 1099 Plaut.
1197 1066 1249 1101 ecl.
1282 1078 1315 1101 a.
1351 1069 1449 1102 1858
1475 1077 1514 1111 p.
1543 1069 1566 1102 7
1599 1067 1685 1102 acln.
1738 1067 1793 1110 Of.

264 1120 464 1155 Illuellerus
492 1120 595 1154 Pros.
622 1132 657 1164 p.
687 1123 769 1155 556.
838 1119 930 1154 Vicle
955 1120 1004 1154 acl
1030 1128 1061 1152 v.
1088 1120 1162 1153 404
1174 1129 1246 1163 sqq.

380 1182 459 1213 407.
487 1179 584 1213 Nam
610 1179 733 1214 neseio
761 1190 871 1223 quem
898 1178 937 1212 'R
961 1179 1071 1214 simul
1098 1180 1273 1214 excidisse
1308 1179 1452 1225 aliquid
1488 1183 1572 1215 ante
1597 1181 1694 1215 hune
1718 1192 1796 1216 ver-

260 1244 339 1268 sum
376 1244 419 1267 ea*
458 1233 634 1267 librorum
671 1234 857 1277 scriptura
894 1233 947 1267 sic
979 1234 1229 1268 coutcmzinata
1268 1234 1486 1268 concludens
1519 1234 1796 1280 refraqautibus

262 1286 428 1331 Kaysero
454 1297 545 1321 cens.
567 1299 606 1331 p.
628 1289 699 1321 418
725 1290 756 1320 et
775 1286 922 1320 Bria‘io.
974 1285 1111 1321 Nescio
1140 1298 1250 1330 quem
1276 1288 1317 1321 tu
1340 1287 1598 1322 Fleckeisenus
1616 1288 1797 1332 probante

262 1340 511 1374 Stzulcmunclo
538 1341 639 1384 apud
664 1340 865 1374 Beckerum
891 1338 997 1374 Stucl.
1026 1341 1055 1374 I
1080 1353 1120 1386 p.
1147 1344 1222 1375 230
1248 1341 1333 1375 adn.
1362 1344 1394 1375 et
1419 1340 1574 1384 Bria'io,
1600 1343 1676 1376 nisi
1701 1344 1797 1388 quocl

261 1395 319 1429 lite
344 1395 451 1428 etiam
478 1394 520 1427 cle
545 1392 678 1428 Nescio
711 1393 774 1437 pol
807 1404 917 1436 quem
949 1393 1028 1428 coll.
1056 1395 1184 1429 Aulul.
1213 1397 1268 1428 71.
1304 1394 1418 1439 Epicl.
1447 1397 1490 1429 61
1525 1396 1660 1439 eoqitat
1685 1407 1798 1441 neque

265 1449 444 1493 improbat
477 1448 572 1492 quozl
598 1450 787 1491 praeterea
819 1446 934 1481 alium
966 1446 1050 1482 hine
1089 1447 1279 1490 hominem
1305 1447 1505 1482 Illuellerus
1531 1448 1635 1484 Pros.
1657 1460 1696 1493 p.
1725 1452 1797 1485 555

262 1503 455 1547 proposuit
480 1501 589 1536 simul
614 1499 729 1534 alium
750 1500 950 1535 homonem
976 1510 1252 1536 commemorans
1280 1500 1388 1545 (forte
1410 1502 1495 1535 olim
1515 1502 1624 1537 inser.
1643 1502 1797 1548 Parcus,

264 1555 377 1589 alium
398 1556 440 1589 tu
460 1553 648 1589 hominem
674 1554 792 1588 noluit
812 1553 851 1587 'R
871 1554 911 1587 in
931 1554 1078 1598 praefi).
1129 1553 1377 1598 Neseibquem
1401 1554 1584 1589 Valtlenus
1606 1566 1796 1601 perperam

263 1610 340 1644 coll.
367 1620 400 1643 v.
429 1612 500 1643 530
527 1608 596 1651 def.
647 1607 699 1642 At
725 1607 969 1652 vreputandum
1004 1611 1082 1642 erat
1108 1611 1256 1652 praeter
1281 1609 1386 1643 metri
1417 1608 1593 1652 defectum
1619 1610 1798 1652 offendere

266 1662 348 1696 Non
375 1672 443 1706 ego
470 1664 507 1695 te
534 1661 623 1696 110111
649 1672 723 1695 non
745 1664 832 1696 recte
859 1662 908 1695 cul
930 1671 1002 1694 11011
1024 1672 1081 1695 1110
1104 1661 1292 1706 quaeritas
1320 1662 1557 1706 adplicatum.
1613 1662 1713 1708 Quae
1738 1665 1796 1698 in-

265 1715 448 1750 commoda
478 1715 588 1749 simul
613 1715 707 1749 tollit
725 1715 912 1758 scriptura
936 1714 1045 1757 facile
1070 1726 1113 1749 ex
1138 1715 1205 1749 leae
1230 1716 1402 1749 memoria
1429 1715 1634 1751 derivanda
1660 1716 1796 1752 Nescio

283 1776 371 1799 quem
390 1768 499 1793 mulier

271 1815 379 1847 quem
406 1803 506 1838 nosti
532 1803 646 1837 alium
674 1803 708 1837 h.
737 1815 770 1837 11.
797 1814 843 1837 m.
873 1814 907 1846 q.

385 1860 464 1890 410.
504 1855 562 1890 De
599 1855 673 1890 Vbi
711 1856 964 1900 Agathoeoles
1002 1867 1066 1891 rex
1110 1857 1287 1901 regnator
1324 1858 1459 1902 eoqitat
1497 1856 1536 1891 (R
1578 1858 1707 1902 Opuse.
1750 1859 1803 1893 II

264 1922 303 1954 p.
329 1912 404 1944 488
417 1920 467 1953 sq.
501 1929 544 1934 -
580 1908 730 1952 ‘Pythia
762 1909 1000 1953 Hermolaus,
1031 1909 1239 1945 Lambinus
1266 1911 1397 1955 (liclem
1422 1921 1505 1946 moa)
1531 1910 1706 1956 Olympia
1728 1924 1797 1957 pro

271 1962 428 2006 Liparo).
457 1961 618 1996 Panthia
637 1962 875 1997 Camerarius.
904 1961 1088 1998 Plinthias
1106 1963 1258 1999 Petitus.
1285 1963 1439 1998 Phintia
1455 1965 1674 2010 Gronovius,
1681 1977 1797 2011 prope

268 2016 316 2050 acl
342 2016 537 2050 veritatem.
591 2015 752 2050 Ceterum
773 2016 814 2050 (le
833 2017 929 2049 mira
954 2016 1021 2051 liae
1046 2028 1170 2062 requm
1195 2018 1416 2052 successione
1441 2018 1681 2062 disputarunt
1705 2031 1794 2063 quos

268 2070 308 2103 in
338 2068 453 2103 Pauli
478 2068 631 2112 Eneyel.
666 2069 757 2103 reali
782 2073 805 2103 t.
835 2068 912 2102 ΙΙΙ
932 2080 972 2112 p.
999 2072 1095 2104 1301
1122 2069 1319 2105 Haaklztus
1356 2071 1481 2105 attulit
1507 2076 1798 2108 commemoratus

269 2134 292 2156 a
313 2121 524 2166 Ladeuiqio
545 2122 678 2156 Philet.
700 2123 727 2156 I
742 2134 780 2166 p.
795 2122 896 2157 270¹?
949 2122 1054 2157 Aclcle
1068 2123 1246 2157 Meierum
1267 2124 1396 2168 Opuse.
1418 2124 1521 2158 aelel.
1540 2124 1562 2157 I
1566 2125 1593 2158 I
1596 2136 1635 2169 p.
1650 2128 1721 2160 335
1735 2138 1798 2170 sq„

268 2175 473 2218 Stiefelium
508 2175 583 2209 ‘Bt
618 2176 644 2218 f.
679 2176 797 2220 bayer.
835 2174 982 2220 Gymn.’
1022 2175 1103 2210 XV
1133 2178 1181 2217 (a.
1212 2179 1388 2220 1370)]1.
1416 2180 1488 2212 309
1504 2188 1572 2222 sq„
1607 2178 1797 2214 Holmium

270 2228 410 2263 τ603071.
438 2228 608 2263 Siciliens
633 2229 658 2263 i.
685 2229 855 2263 Alternis
887 2229 942 2262 II
959 2240 1000 2272 p.
1026 2232 1112 2271 280,
1138 2232 1221 2264 400.
1276 2230 1330 2272 Cf.
1353 2232 1475 2274 praef.

388 2285 468 2316 413.
503 2281 601 2315 Num
638 2283 773 2317 vindic.
807 2282 937 2317 Dousa
970 2282 1054 2316 III
1085 2286 1118 2317 b’.
1169 2282 1257 2317 Post
1291 2284 1388 2318 hune
1412 2295 1443 2318 v.
1473 2285 1643 2320 lacunam
1668 2288 1800 2322 statuit

268 2334 307 2368 R
334 2346 413 2369 eum
438 2335 650 2380 Laclewiqio
671 2347 710 2379 p.
738 2339 814 2370 290·
846 2336 1124 2371 assentientibus
1156 2348 1236 2371 cum
1268 2337 1353 2371 aliis
1386 2336 1522 2372 Briaeio
1553 2341 1586 2373 et
1619 2338 1798 2384 Vssinqio,

269 2389 332 2432 qui
358 2388 400 2422 cle
427 2387 541 2422 altera
569 2388 703 2422 lacuna
727 2392 809 2431 post
839 2400 870 2423 v.
898 2391 969 2423 410
996 2390 1170 2424 dubitans
1202 2390 1268 2425 hoc
1300 2391 1375 2425 Ioco
1402 2391 1546 2435 supplet
1571 2390 1675 2426 Vnde
1701 2393 1813 2428 unde.

269 2442 336 2483 est,
363 2441 458 2475 bene
485 2439 663 2475 inuitanti
690 2440 882 2475 adum-sari
909 2442 973 2476 uix
1001 2442 1127 2485 decet‚
1152 2455 1243 2487 quae
1268 2454 1312 2477 ne
1336 2444 1522 2488 quadrant
1547 2445 1690 2488 quiclem
1715 2449 1799 2481 ante

271 2493 401 2528 Hercle
423 2493 563 2538 opinor.
615 2495 667 2528 At
693 2495 788 2529 nibil
813 2496 959 2530 (nomino
979 2496 1218 2539 desideratur,
1244 2497 1348 2531 modo
1374 2500 1465 2531 recte
1490 2497 1644 2541 explices
1669 2509 1797 2542 perne-

269 2546 350 2590 gari
387 2558 430 2581 ιω
468 2547 518 2581 eis
555 2558 646 2591 quae
683 2547 765 2581 clioei
804 2548 915 2582 Anal.
948 2547 1076 2582 Plaut.
1112 2561 1150 2593 p.
1190 2551 1240 2584 24
1279 2550 1363 2585 adn.
1403 2553 1449 2585 49
1495 2550 1555 2593 (cf.
1594 2550 1798 2595 impetrant

268 2611 299 2634 v.
326 2600 421 2645 192).
568 2598 581 2609 ⁸

389 2656 469 2687 416.
497 2651 646 2686 Periisti
677 2663 767 2688 corr.
796 2652 966 2699 Guietus,
998 2655 1197 2692 Bentleius.
1225 2677 1268 2682 —-—
1296 2658 1337 2690 tu
1370 2668 1436 2690 om.
1465 2656 1722 2692 Camerarius:
1749 2660 1794 2701 cf.

271 2704 430 2750 Linqius
456 2706 498 2740 ile
522 2705 627 2739 hiatu
650 2717 686 2749 p.
714 2709 771 2740 35.
825 2706 877 2749 Cf.
906 2709 955 2743 acl
973 2720 1004 2742 v.
1026 2712 1111 2752 387,
1136 2713 1211 2745 404
1224 2722 1308 2755 sqq„
1335 2713 1418 2752 413,
1445 2712 1518 2745 432
1533 2720 1604 2754 sqq.
1632 2730 1676 2736 —-
1705 2711 1796 2746 Mox

270 2768 301 2791 υ.
329 2761 397 2791 418
424 2758 631 2792 assentibor
657 2759 862 2794 Lambinus
888 2761 984 2804 (item
1009 2773 1039 2796 v.
1067 2764 1167 2806 483).

389 2814 469 2845 419.
496 2811 634 2855 possim
667 2812 880 2848 Lambinus.
915 2834 957 2838 —
992 2814 1141 2859 mulier,
1173 2815 1389 2850 iamdudum
1422 2817 1492 2851 tibi
1518 2817 1684 2852 Bothius.
1739 2818 1796 2854 De

272 2863 409 2897 dudum
435 2866 481 2906 ef.
509 2865 706 2909 Laregsenus
740 2866 885 2901 ‘Baton’
920 2879 957 2912 p.
985 2870 1053 2909 42,
1086 2869 1127 2902 cle
1152 2869 1190 2902 ni
1217 2880 1321 2904 meae
1347 2881 1377 2904 υ.
1406 2874 1475 2904 420
1501 2870 1546 2910 cf.
1574 2871 1622 2904 acl
1648 2881 1679 2905 v.
1707 2874 1792 2907 881.

272 2915 414 2951 Deinde
434 2916 548 2951 onri
569 2918 638 2952 iret
659 2919 831 2953 nuntiare
851 2923 883 2953 et
905 2919 1018 2954 onri
1043 2920 1134 2955 haec
1154 2921 1386 2956 renuntiaret
1405 2922 1561 2956 Botliius
1587 2925 1792 2968 temptabat.
