1946 3344
690 757 1194 806 PRAEFATIO

299 933 539 974 ltudentem
574 948 623 974 ex
656 932 880 987 Diphilo
913 947 1158 987 expressam
1201 948 1293 975 esse
1332 948 1427 975 cum
1460 935 1551 988 ipse
1585 938 1713 988 poeta

180 1007 363 1046 testetur
403 1005 447 1045 111
486 1005 667 1060 prologo
701 1029 756 1034 —
795 1019 932 1059 neque
974 1004 1090 1045 enim
1128 1004 1335 1046 habemus
1375 1019 1448 1047 cur
1486 1006 1713 1061 prologum

181 1076 370 1130 exceptis
404 1076 599 1118 versibus
636 1076 820 1118 13—30.
853 1076 921 1117 56.
956 1076 1010 1118 78
1045 1091 1069 1117 a
1100 1075 1254 1118 Plauto
1288 1090 1574 1132 magnamque
1608 1078 1713 1119 adeo

179 1149 346 1202 partem
389 1163 413 1188 a
446 1147 624 1202 Diphilo
665 1147 955 1189 abiudicemus
990 1172 1062 1201 -—‚
1105 1162 1337 1202 quamnam
1376 1148 1561 1190 maxime
1599 1149 1714 1191 illius

181 1218 444 1260 comoediam
486 1218 747 1272 adhibuerit,
792 1218 955 1260 frustra
1000 1218 1304 1274 quaesiverunt
1346 1219 1543 1261 homines
1589 1220 1713 1263 docti.

181 1290 295 1332 Nam
328 1304 424 1331 cum
452 1286 672 1344 Σχοινιάν
706 1289 922 1344 quandam
955 1289 1038 1331 sibi
1070 1289 1242 1331 finxerit
1267 1289 1324 1331 M.
1352 1289 1397 1331 C.
1424 1289 1634 1332 Benoitus
1667 1292 1713 1332 in

179 1361 291 1403 libro
331 1361 382 1402 de
421 1360 658 1403 Menandro
697 1360 833 1415 deque
871 1373 1026 1415 graeca
1064 1360 1304 1412 comoedia,
1341 1360 1392 1403 E.
1430 1361 1712 1419 Benoistus²³²)

181 1432 264 1473 sibi
284 1431 501 1487 persuasit
519 1431 707 1473 Rudenti
728 1431 925 1486 Σχεδίαν
953 1431 1222 1486 respondere,
1250 1446 1378 1486 quam
1405 1447 1506 1474 vero
1529 1434 1711 1476 similius

180 1527 236 1532 —-
271 1518 368 1544 vere
402 1503 515 1544 enim
550 1503 619 1544 vix
652 1501 907 1558 dixerim*²³‘·)
939 1527 984 1531 —
1018 1501 1336 1544 Studemundus
1362 1501 1612 1547 Vidulariae
1639 1505 1711 1546 ad-

180 1574 327 1616 movit.
377 1573 650 1616 Franckenus
684 1588 851 1629 quoque
885 1572 1113 1630 (Mnemos.
1139 1573 1192 1615 N.
1221 1573 1259 1617 S.
1287 1573 1353 1615 HI
1378 1590 1417 1629 p.
1444 1574 1519 1631 34)
1554 1576 1711 1618 diserte

180 1644 348 1686 monuit
373 1659 511 1699 neque
532 1642 672 1700 Σειρά
694 1659 831 1699 neque
855 1642 1013 1695 Κάλως
1033 1659 1191 1687 nomen
1211 1645 1325 1688 inter
1347 1645 1513 1701 Diphili
1539 1647 1710 1689 fabulas

178 1716 304 1757 nobis
336 1717 463 1757 notas
490 1716 696 1770 inveniri,
730 1731 988 1771 quamquam
1016 1717 1107 1771 ipse
1135 1717 1270 1758 sensit
1295 1716 1541 1760 Plautinum
1567 1719 1710 1773 potius

178 1802 270 1829 esse
310 1787 522 1829 Rudentis
560 1787 735 1829 titulum
774 1802 862 1829 non
900 1788 1041 1829 minus
1085 1803 1213 1843 quam
1247 1787 1498 1830 Trinummi.
1561 1789 1709 1845 Neque

179 1859 305 1913 plane
337 1859 485 1901 reiecit
515 1859 792 1901 Franckenus
825 1861 1132 1914 commentum,
1164 1874 1214 1900 ex
1248 1874 1330 1915 quo
1360 1856 1709 1918 Ἀνασῳζόμευοι

178 1930 344 1985 Diphili
369 1930 628 1984 respondeat
653 1931 752 1973 huic
777 1930 972 1985 fabulae,
1005 1931 1201 1986 quamvis
1230 1932 1494 1974 contrarium
1522 1933 1577 1974 sit
1595 1933 1707 1989 frag—

178 2002 369 2041 mentum
411 2001 523 2055 apud
562 2001 833 2043 Athenaeum
874 2001 937 2043 XI
968 2001 1104 2044 4990
1137 2000 1176 2058 (I
1198 2002 1253 2044 M.
1292 2004 1342 2045 12
1363 2002 1435 2060 K.)
1481 2007 1708 2046 servatum.

178 2071 269 2113 Hae
311 2071 443 2127 igitur
481 2072 751 2115 coniecturae
789 2088 876 2116 non
917 2074 1055 2115 multo
1094 2074 1189 2128 plus
1229 2075 1392 2129 valent,
1431 2090 1556 2130 quam
1596 2076 1708 2130 prio-

178 2158 271 2184 rum
302 2143 630 2197 hariolationes‚
663 2144 736 2199 qui
769 2145 1010 2186 Rudentem
1043 2147 1170 2201 atque
1198 2145 1468 2188 Vidulariam
1502 2147 1569 2188 vel
1603 2146 1707 2189 adeo

178 2213 407 2256 Addictum
436 2217 564 2270 atque
584 2215 827 2257 Rudentem
854 2230 930 2270 pro
952 2231 1037 2258 una
1057 2215 1204 2258 fabula
1226 2217 1508 2259 venditarent.
1552 2216 1708 2260 Scitius

177 2299 227 2325 ex
265 2285 360 2339 ipsa
397 2285 678 2340 inscriptione
716 2286 997 2329 insolentiore
1036 2287 1266 2329 effecerunt
1305 2292 1407 2342 post
1439 2288 1706 2330 Vidulariam

177 2355 336 2397 factam
362 2356 495 2397 videri
521 2356 782 2412 Rudentem,
810 2358 1020 2412 aptiorem
1047 2359 1222 2400 titulum
1248 2361 1297 2401 ut
1322 2360 1399 2401 illa
1425 2360 1706 2415 occupaverit.

297 2425 377 2468 Sed
404 2427 543 2482 ipsam
570 2429 762 2471 fabulam
790 2443 989 2484 graecam
1017 2430 1187 2471 etiamsi
1215 2445 1468 2486 recuperare
1494 2446 1582 2473 non
1608 2446 1703 2486 pos-

178 2512 343 2552 sumus,
382 2500 543 2552 tamen,
583 2514 692 2554 quae
734 2500 777 2540 in
810 2501 1056 2542 universum
1091 2501 1139 2542 de
1173 2501 1349 2556 Diphilo
1383 2505 1509 2557 poeta
1542 2505 1705 2544 veteres

272 2615 305 2659 ss)
332 2613 386 2650 De
412 2626 506 2660 pers.
536 2615 705 2651 muliebr.
733 2616 833 2661 apud
860 2617 913 2652 Pl.
941 2630 975 2662 p.
1005 2621 1059 2653 54.
1105 2617 1143 2651 T.
1172 2618 1289 2653 Macci
1318 2618 1442 2653 Plauti
1468 2618 1618 2652 Rudcns
1646 2618 1702 2653 cd.

177 2667 291 2702 Paris.
336 2679 368 2702 a.
398 2672 488 2704 1864
514 2681 549 2714 p.
576 2668 672 2704 XIV.

271 2721 326 2765 ⁵⁸³⁶)
354 2721 452 2756 Nam
478 2733 561 2757 cum
582 2734 654 2758 uno
675 2722 852 2767 tenuique
873 2723 1085 2759 testimonio
1105 2725 1144 2758 in
1163 2724 1264 2759 illius
1287 2723 1433 2758 fabulae
1454 2723 1589 2758 notitia
1609 2723 1703 2759 nita-

177 2785 267 2818 mur,
294 2775 401 2819 patet
428 2786 539 2819 quam
567 2775 675 2811 facile
702 2775 859 2811 aliarum
888 2776 1160 2811 ‘Schediarum’
1190 2777 1368 2812 memoria
1395 2787 1541 2821 prorsus
1563 2777 1704 2812 abolita

177 2838 255 2862 esse
282 2828 410 2872 possit.
451 2828 537 2874 Ipsa.
565 2841 650 2864 vero
677 2829 881 2864 similitudo
908 2830 1004 2864 inter
1024 2830 1230 2865 Rudentcm
1259 2831 1297 2864 ot
1316 2828 1546 2864 Vidulariam
1575 2832 1703 2874 aperte

176 2879 409 2916 intercedens
437 2882 478 2917 ut
504 2894 737 2927 nequaquam
758 2882 916 2927 impedit
941 2883 1136 2927 quominus
1164 2883 1225 2917 uni
1252 2882 1446 2926 eidemque
1467 2883 1610 2918 auctori
1636 2884 1700 2919 tri-

178 2933 351 2978 buamus,
378 2934 431 2970 ita
458 2936 608 2971 minimo
635 2936 867 2972 demonstrat
893 2937 992 2981 quod
1019 2936 1294 2972 Studemumlus
1323 2935 1449 2970 voluit.
