1946 3344
277 229 305 263 X
890 226 1168 262 PRAEFATIO

271 338 476 391 formam,
522 352 630 392 quae
675 351 727 377 ne
774 336 934 378 rationi
977 336 1146 392 quidem
1191 336 1279 378 ullo
1326 336 1452 378 modo
1499 338 1612 378 esset
1649 351 1800 379 conve·

270 410 410 463 niens,
456 408 634 449 eandem
681 407 941 449 sententiam
979 408 1024 448 in
1068 407 1204 462 ipsius
1242 406 1370 448 huius
1415 406 1587 449 fabulae
1635 408 1801 461 praefa-

273 480 389 521 tione
434 481 585 521 contra
630 478 850 520 Osannum
889 480 1055 520 tutatus
1095 480 1175 519 est:
1226 478 1456 520 Pseudulus
1505 478 1689 520 formam
1734 479 1800 520 bis

273 565 365 592 esse
394 553 608 592 servatam
634 550 681 591 in
709 552 963 606 argumento
992 549 1235 604 quindecim
1262 564 1480 591 versuum:
1509 549 1686 590 eandem
1706 564 1801 604 pro·

272 622 364 663 (1110
403 636 452 663 ex
491 621 529 663 D
570 622 726 664 codicis
767 621 933 677 aliquot
972 621 1345 674 inscriptionibus,
1384 620 1564 676 denique
1605 620 1803 662 accedere

271 693 448 746 Nonii,
497 692 681 748 Servii,
726 691 973 746 Charisii,
1019 691 1189 745 Probi,
1241 691 1498 733 Plisciani
1542 692 1805 735 testimonia.

273 764 380 807 Cum
420 727 488 806 liis
527 727 820 819 eonfer⁷antur,
859 778 966 818 quae
1006 763 1116 804 idem
1159 761 1315 817 Opuso.
1352 762 1456 817 phil.
1489 763 1569 804 vol.
1601 762 1665 804 III
1704 778 1744 817 p.
1778 764 1800 804 7

273 834 402 890 (01.3
407 836 461 877 32
478 834 557 890 sq)
585 836 763 877 monuit.
815 834 979 877 Contra
1005 834 1293 876 Ritschelium
1320 833 1687 875 Fleckeisenus
1714 834 1803 875 An-

270 907 353 949 nal.
406 907 488 949 vol.
538 906 681 949 XCIII
739 905 799 963 (a.
849 905 987 962 1866)
1051 921 1090 959 p.
1135 905 1160 946 9
1190 920 1279 959 sqq.
1347 904 1570 946 Pseudolus
1620 905 1804 947 formam

271 978 429 1019 rationi
474 978 594 1019 nullo
642 978 768 1020 modo
815 977 1041 1019 convenire
1074 977 1266 1031 negavit:
1314 976 1573 1017 testimoniis
1614 978 1801 1017 veterum

273 1050 450 1090 eandem
478 1050 661 1091 formam
686 1050 858 1090 firmare
887 1048 1049 1090 studuit
1076 1046 1369 1102 Seyffertus
1396 1046 1551 1089 Philol.
1580 1047 1659 1088 vol.
1679 1047 1801 1089 XXV

273 1118 329 1177 (a.
366 1118 498 1173 1867)
538 1136 578 1175 p.
609 1121 695 1162 448
736 1120 829 1162 adn.
863 1121 906 1173 3,
945 1122 1173 1174 postquam
1214 1120 1299 1160 iam
1339 1119 1450 1160 thesi
1484 1119 1619 1160 altera
1651 1118 1802 1160 disser-

270 1192 400 1233 tionis
447 1208 481 1233 a.
530 1192 643 1233 1864
688 1191 739 1232 (10
791 1191 936 1232 bacch.
980 1205 1087 1231 verS.
1133 1190 1273 1230 editae
1323 1190 1433 1231 hanc
1482 1204 1571 1230 rem
1615 1190 1803 1231 breviter

274 1262 436 1318 attigit.
486 1262 525 1303 A
559 1262 713 1316 quibus
747 1261 1113 1315 disputationibus
1153 1260 1368 1314 profectus
1409 1275 1482 1301 cur
1513 1260 1604 1315 ipse
1643 1261 1802 1302 dissen-

271 1334 375 1374 tiam
417 1349 441 1374 a
474 1333 731 1387 Ritschelio,
772 1347 883 1374 nunc
923 1347 1143 1387 exponam.
1206 1331 1274 1372 Ex
1313 1331 1575 1372 testimoniis
1616 1332 1799 1386 primum

273 1405 494 1446 eximenda
533 1407 635 1446 sunt
675 1404 776 1457 duo,
822 1419 929 1458 quae
969 1418 1019 1444 ex
1057 1403 1199 1444 codice
1240 1401 1525 1443 Ambrosiano
1564 1402 1654 1456 peti
1699 1403 1802 1444 sole—

271 1476 395 1530 bant,
440 1491 535 1517 cum
583 1476 839 1531 Argumenti
884 1490 920 1516 v.
964 1475 1017 1516 10
1057 1476 1204 1528 aperte
1242 1474 1468 1516 Pseudolus
1505 1476 1638 1528 extet,
1676 1488 1802 1516 versu

275 1550 417 1589 autem
445 1547 509 1602 15,
541 1547 615 1588 ubi
649 1547 808 1601 legitur
832 1546 1011 1600 seudulo,
1042 1543 1185 1587 scdulo
1206 1535 1480 1586 obversatum
1502 1559 1595 1586 esse
1622 1545 1800 1587 librario

275 1619 499 1672 probabile
527 1619 593 1660 811.
645 1618 780 1660 Porro
809 1618 920 1672 quod
947 1616 1003 1659 Dl
1032 1617 1099 1659 vel
1126 1615 1183 1658 D2
1217 1617 1388 1671 saepius
1415 1617 1646 1659 Pseudulus
1673 1632 1800 1672 quam

274 1690 500 1732 Pseudolus
544 1690 706 1731 habent
752 1688 797 1736 (u
838 1688 969 1730 habet
1010 1688 1030 1729 I
1076 1689 1122 1742 4,
1166 1687 1209 1728 II
1243 1689 1269 1729 2
1307 1687 1382 1740 D1‚
1420 1687 1463 1729 II
1501 1689 1544 1741 3,
1582 1687 1623 1728 Π
1655 1688 1700 1741 4,
1739 1687 1802 1729 IV

278 1762 322 1814 1,
360 1760 423 1802 IV
456 1761 501 1814 2,
538 1761 599 1802 IV
634 1762 678 1815 3,
717 1760 779 1801 IV
804 1761 832 1801 4
858 1758 934 1801 D2:
973 1773 994 1801 o
1028 1760 1151 1801 inscr.
1192 1762 1234 1800 et
1272 1760 1431 1800 subscr.
1465 1758 1533 1814 D¹,
1569 1759 1589 1800 Ι
1618 1760 1643 1800 2
1676 1759 1802 1814 rubr.,

275 1831 317 1873 V
361 1834 381 1873 1
425 1829 520 1888 D2),
577 1832 615 1872 01
659 1832 719 1873 rei
762 1834 991 1886 propterea
1040 1845 1125 1872 non
1170 1831 1351 1871 multum
1376 1830 1674 1872 'tribuendum
1725 1833 1800 1881 est,

275 1903 387 1957 quod
425 1917 561 1957 neque
601 1902 632 1944 C
672 1917 807 1957 neque
841 1902 875 1943 B
916 1902 1147 1956 vestigium
1187 1901 1322 1942 ullum
1360 1901 1486 1942 huius
1526 1901 1689 1943 formae
1732 1917 1801 1943 ex-

273 1974 413 2026 hibet,
446 1976 493 2014 ut
524 1974 593 2014 vix
627 1988 676 2014 ex
713 1973 947 2028 archetypo
983 1973 1168 2013 derivari
1200 1972 1351 2026 possit.
1403 1972 1556 2026 Itaque
1584 1987 1633 2013 ex
1659 1972 1803 2014 Plauti

273 2045 489 2086 codicibus
528 2044 670 2099 prodit
708 2045 846 2086 :forma
884 2044 1131 2098 Pseudolus,
1170 2058 1298 2097 quam
1337 2044 1467 2084 etiam
1508 2045 1802 2098 argumenti

273 2116 504 2169 prioris
544 2118 694 2157 auctor
732 2116 888 2156 firmat.
958 2115 1183 2156 Accedunt
1221 2114 1470 2156 testimonia
1501 2113 1694 2167 Festi,
1728 2114 1802 2155 ubi

273 2202 481 2240 nusquam
527 2187 756 2229 Pseudulus
795 2189 932 2241 extat,
975 2186 1155 2239 Plinii,
1202 2185 1382 2226 fortasse
1421 2185 1551 2226 etiam
1590 2184 1802 2238 Donati,

276 2258 482 2313 siquidem
517 2259 776 2300 editionibus
809 2258 912 2299 fides
946 2257 1143 2299 habenda
1170 2259 1244 2298 est.
1290 2257 1416 2311 Apud
1445 2255 1679 2298 Servium
1706 2256 1801 2297 Da-

271 2330 431 2370 nielis
457 2330 677 2383 praevalet
702 2344 723 2371 o
752 2329 824 2384 (ad
851 2329 957 2370 Aen.
984 2329 1022 2369 X
1052 2329 1152 2379 7273
1186 2327 1247 2369 IV
1275 2329 1379 2382 3013
1411 2328 1430 2369 I
1457 2328 1561 2370 378:
1594 2328 1803 2368 fluctuant

274 2400 372 2440 libri
411 2400 471 2441 IX
511 2401 613 2454 6413
652 2400 713 2441 IX
748 2401 851 2441 484:
890 2415 918 2441 u
957 2403 1022 2441 081
1053 2399 1092 2440 X
1130 2397 1255 2454 ‘231):
1294 2399 1462 2453 ipsius
1502 2397 1669 2439 Servii
1706 2398 1800 2440 loco

275 2472 337 2527 (in
381 2470 483 2513 Aen.
517 2471 535 2512 I
575 2470 672 2525 140)
706 2473 885 2525 utraque
926 2471 1138 2525 scriptura
1171 2470 1406 2510 exhibetur.
1474 2468 1747 2510 Diomedes
1780 2482 1801 2511 0

274 2546 316 2584 et
346 2557 373 2583 u
405 2542 537 2583 habet
568 2557 607 2596 p.
635 2542 715 2583 381
754 2543 990 2596 0111378,
1023 2556 1049 2582 u
1083 2557 1122 2595 p.
1149 2542 1246 2583 33‘).
1309 2540 1507 2581 Probus
1541 2540 1613 2594 qui
1646 2539 1802 2581 dicitur

275 2613 454 2654 ohabet
479 2628 518 2667 p.
547 2614 614 2667 26,
648 2614 715 2667 2⁶1),
748 2627 773 2653 u
802 2628 840 2666 p.
869 2615 906 2666 8,
935 2614 1066 2654 16---
1088 2612 1191 2653 Mar.
1218 2612 1328 2653 Plot.
1355 2628 1393 2665 p.
1414 2612 1512 2664 473,
1536 2612 1602 2652 14.
1663 2610 1801 2652 Pris-

274 2685 411 2726 ciani
444 2685 542 2725 libri
575 2699 601 2725 u
635 2647 838 2725 exliibtnt
870 2684 888 2724 l
922 2699 961 2738 p.
992 2684 1085 2737 13()
1117 2682 1663 2737 12;Ρ.505,2;1011(]1118
1696 2682 1800 2724 locis

274 2759 453 2810 utraque
494 2755 634 2797 forma
673 2755 716 2796 in
755 2755 875 2795 libris
909 2757 989 2807 081,
1030 2754 1103 2796 scd
1135 2758 1183 2795 ut
1215 2754 1461 2808 praevaleat
1491 2767 1537 2806 u,
1569 2752 1654 2794 nisi
1687 2753 1800 2807 quod

266 2828 488 2879 pseudolus
514 2827 702 2881 plerique
730 2826 828 2866 libri
854 2825 1015 2866 habent
1042 2841 1079 2879 Ρ.
1101 2826 1199 2879 388,
1220 2827 1245 2866 ⁴.)
1272 2825 1398 2879 idque
1426 2825 1468 2865 111
1490 2824 1633 2864 Plauti
1659 2824 1799 2865 verbis

275 2898 392 2950 ipsis,
454 2898 586 2939 l'orro
619 2912 646 2939 u
679 2899 743 2937 081
781 2896 893 2950 apud
926 2895 1165 2949 Gellium,
1202 2895 1631 2950 Porphyrionem,
1671 2895 1798 2937 Cha-

276 2968 828 3023 1·18111111,Ο]011011111111,
868 2968 912 3008 111
945 2967 1201 3022 glossario
1234 2966 1494 3007 Plautino.
1563 2966 1610 3007 In
1645 2965 1799 3009 Nonii
