1946 3344
533 777 779 821 INDEX
819 775 1195 820 LOOORVM

161 981 195 1003 v.
223 972 267 1003 26
530 978 564 1011 p.
580 965 666 1000 XIV
933 976 966 1000 v.
995 967 1063 999 506
1079 975 1130 1007 sq.
1312 974 1347 1007 p.
1374 961 1426 995 XI
1439 972 1492 1005 sq.
1519 961 1603 995 adn.

223 1025 266 1057 77
577 1018 681 1054 XVII
996 1021 1064 1052 636
1080 1028 1133 1061 sq.
1376 1014 1460 1050 XVI

223 1078 267 1109 93
578 1071 664 1107 XIV
678 1083 729 1116 sq.
1000 1074 1068 1105 645
1373 1068 1459 1102 XIX
1484 1068 1567 1102 adn.

202 1131 267 1163 152
284 1138 362 1172 sqq.
579 1125 648 1160 XX
663 1137 716 1169 sq.
739 1124 823 1160 adn.
1001 1127 1069 1159 703
1376 1121 1462 1156 XXI
1489 1121 1572 1156 adn.

200 1185 266 1216 169
577 1179 644 1213 XV
659 1190 714 1222 sq.
1004 1180 1070 1212 768
1086 1188 1166 1221 sqq.
1378 1175 1446 1210 XX

198 1237 266 1269 218
283 1245 362 1278 sqq.
577 1231 663 1266 XIX
1003 1234 1071 1266 800
1087 1241 1165 1274 sqq.
1382 1227 1450 1262 XX

198 1291 267 1322 240
283 1298 361 1331 sqq.
578 1285 663 1319 XIX
685 1284 770 1320 adn.
1001 1283 1089 1319 912b
1382 1281 1467 1316 XXI

199 1344 268 1376 288
579 1338 699 1373 XVIII
721 1338 807 1373 adn.
1001 1340 1069 1372 925
1381 1335 1467 1370 XXI
1493 1334 1575 1369 adn.

202 1398 269 1429 292
285 1405 336 1437 sq.
579 1391 648 1426 XX
806 1398 808 1401 ’
1001 1394 1069 1426 947
1085 1402 1140 1435 sq.
1381 1388 1449 1423 XX

201 1451 268 1482 335
579 1444 646 1479 XX
1002 1447 1069 1480 959
1086 1455 1140 1488 sq.
1383 1441 1469 1476 XXI

200 1505 267 1535 342
579 1498 664 1532 XIX
980 1501 1072 1532 1014
1087 1508 1140 1541 sq.
1389 1496 1421 1530 X
1449 1496 1531 1530 adn.

199 1557 268 1589 435
578 1551 664 1586 XIX
982 1554 1072 1586 1019
1087 1561 1165 1594 sqq.
1390 1548 1476 1584 VIII
1491 1560 1543 1593 sq.

338 1879 854 1924 GORRIGENDVM
886 1879 972 1920 ET
1005 1877 1409 1921 ADDENDVM

225 2070 274 2104 In
311 2071 480 2104 contextu
515 2078 547 2102 v.
585 2071 651 2102 519
691 2067 862 2102 existi6st
897 2078 965 2111 pro
1001 2066 1152 2101 exitiost
1183 2066 1347 2100 relietum
1385 2075 1456 2100 esse
1494 2065 1635 2099 monuit

107 2124 275 2160 Goetzius
294 2133 404 2166 meus,
427 2122 491 2167 qui
510 2132 584 2156 non
602 2124 745 2156 tantum
765 2121 940 2156 eiusmodi
958 2120 1106 2155 monitis
1131 2121 1243 2154 cimice
1269 2130 1322 2153 me
1341 2119 1495 2153 adiuvit.
1532 2118 1634 2152 Idem

106 2188 240 2212 mecum
266 2174 808 2219 communicavitLadewiyinm
833 2175 875 2208 in
900 2174 1097 2218 exemplari
1122 2173 1170 2208 ad
1191 2184 1221 2207 υ.
1243 2174 1298 2206 52.
1328 2175 1383 2206 55.
1411 2175 1466 2206 67.
1494 2174 1550 2205 68.
1579 2174 1633 2205 71.

107 2234 151 2265 88
167 2241 244 2273 sqq.
272 2233 316 2264 92
344 2228 580 2272 adscripsisse
604 2226 718 2262 Flade
744 2240 780 2272 p.
795 2232 816 2261 4
844 2228 890 2272 (6.
914 2229 959 2271 7).
1002 2226 1115 2262 Gaius
1139 2227 1212 2262 viri
1237 2226 1333 2260 docti
1358 2235 1504 2269 operam
1520 2224 1634 2258 Plau-

106 2285 224 2318 tinam
249 2294 329 2317 enm
353 2283 603 2328 iynoraremus
622 2282 731 2315 iuxta
749 2292 828 2316 eum
844 2281 1105 2326 biblioyrapliis
1119 2279 1397 2324 bi097·a1)hisqiie
1411 2277 1633 2312 Eduardum

107 2336 358 2382 Heydenreieh
390 2335 469 2370 adii
502 2334 792 2379 Frsperyensem,
827 2335 1051 2379 philoloywn
1084 2333 1443 2377 biblioyraphumque
1480 2332 1633 2375 diliyen-

109 2391 297 2425 tissimum.
354 2387 462 2432 Isque
498 2388 690 2432 indayavit
721 2398 958 2432 prowamma
996 2387 1235 2430 Friberyense
1272 2396 1305 2420 a.
1339 2387 1436 2420 1804
1470 2384 1553 2419 C‘lir.
1590 2383 1634 2418 G.

110 2442 244 2478 Fladii
271 2442 328 2487 (de
347 2441 481 2476 Plauto
506 2441 547 2475 in
571 2441 701 2475 scholis
726 2442 871 2485 Zeyendo
896 2444 928 2475 et
953 2441 995 2475 cle
1021 2440 1107 2475 loeis
1126 2440 1343 2484 quibusdam
1368 2439 1500 2474 dubiae
1525 2439 1633 2473 inter-

104 2497 324 2541 pretationis
348 2495 389 2529 in
415 2495 491 2529 eius
520 2493 695 2538 Captivis)
705 2508 715 2527 .·
752 2495 847 2538 quod
872 2498 989 2529 tamen
1016 2494 1109 2528 nihil
1134 2494 1220 2528 novi
1244 2493 1412 2536 eontinet,
1439 2493 1514 2527 nisi
1540 2493 1634 2536 quod

109 2560 141 2584 v.
168 2553 216 2584 90
241 2549 330 2584 conl.
360 2558 455 2591 aqua
488 2547 635 2581 saccata
667 2548 767 2591 apud
793 2548 963 2582 Senecam
988 2548 1089 2591 epist.
1110 2550 1171 2590 36,
1198 2549 1244 2581 11
1268 2557 1459 2590 perperam
1483 2546 1535 2580 sie
1561 2556 1634 2579 ver-

110 2603 202 2636 titur
226 2602 314 2644 „cler
332 2601 454 2635 maehe
473 2600 549 2635 sich
568 2611 640 2634 nur
665 2600 739 2642 fori
765 2611 845 2635 vers
859 2600 1124 2645 Drillinysthor
1150 2601 1228 2635 unci
1253 2600 1348 2634 Ierne
1368 2600 1417 2634 da
1442 2599 1636 2642 filtriren.“

110 2655 277 2700 Denique
301 2665 417 2699 nuper
442 2654 564 2698 accepi
589 2652 859 2698 Harringstonis
884 2655 1074 2689 editionem
1099 2653 1217 2698 (Capi.
1238 2653 1340 2688 Trin.
1356 2656 1387 2686 et
1402 2651 1515 2694 Rufi.)
1531 2652 1632 2684 Ame-

110 2708 232 2743 ricani
257 2708 306 2752 (a.
332 2707 444 2752 1884)
468 2707 673 2751 eleyantem,
697 2707 758 2742 sed
782 2708 886 2742 nobis
906 2708 1018 2752 plane
1043 2707 1219 2741 inutilem.
