1946 3344
757 202 1005 239 APPENDIX
1561 207 1581 246 1
1589 205 1646 247 35

112 298 271 335 illic‘ibi
297 299 483 334 demumst·
506 299 675 335 Bothius.
707 298 833 334 ilicine
866 299 1053 334 demumst
1079 300 1293 346 Geppertus.
1326 300 1366 336 V.
1395 304 1496 336 1001.
1525 302 1644 337 omnis

111 356 168 388 est
188 354 334 399 primus
361 353 529 399 Pylades.
559 352 660 388 omni
686 353 872 398 exigunda
898 355 955 388 est
980 363 1134 398 corpore
1162 354 1326 390 Guietus.

208 416 309 448 1002.
348 413 561 448 monetulae
590 412 832 447 Camerarius.
871 412 1086 448 monerulae
1118 413 1188 456 def.
1216 414 1406 449 Ausonius
1431 413 1570 459 Popma
1603 415 1646 449 de

109 477 180 501 usu
215 469 291 501 ant.
323 467 387 501 loc.
420 467 449 500 I
477 468 500 501 3
527 477 565 511 p.
594 468 641 500 15
667 477 746 501 cum
775 466 942 501 Meursio
977 466 1111 501 Eoeerc.
1149 468 1228 502 crit.
1255 479 1295 511 p.
1329 470 1378 502 60
1412 471 1496 502 ante
1527 467 1645 503 Lach-

109 531 283 554 mannum
318 520 360 554 in
384 518 496 554 Lucr.
527 531 567 564 p.
593 522 668 555 205
703 520 761 563 (cf.
796 520 884 556 ibid.
915 531 954 564 p.
981 523 1030 555 16
1064 521 1106 555 de
1140 520 1260 555 anites
1300 521 1437 564 forma,
1466 532 1538 565 pro
1572 533 1645 566 qua

104 578 189 618 post
220 573 444 608 Saracenum
476 576 605 608 anates
637 574 802 618 dabant).
841 594 887 599 —
924 572 1019 608 Nam
1046 573 1112 608 illo
1133 574 1198 608 ubi
1223 574 1376 619 adueni‚
1409 577 1451 610 ut
1476 575 1644 619 patriciis

109 628 272 663 Guietus.

206 684 307 715 1004.
334 681 426 715 haec
452 679 668 716 aduenienti
692 681 744 716 mi
757 681 926 716 Bothius.
953 679 1006 714 mi
1031 679 1246 716 aduenienti
1266 682 1358 716 haec
1380 681 1642 717 Fleckeisenus.

208 737 310 769 1005.
338 744 465 768 eccum
492 734 622 768 herum
649 735 724 769 cod.
751 734 918 779 interpol.
942 754 983 758 —
1006 736 1062 769 est
1085 735 1327 770 subaudiebat
1352 735 1642 771 Lindemannus.

110 787 165 830 Cf.
192 787 393 832 Lanyenus
420 786 568 823 ‘Beitn’
595 797 630 831 p.
659 788 682 821 5
691 797 739 831 sq.

154 843 159 845 ’
205 850 306 881 1006.
334 847 508 891 exoptate
535 845 637 881 salue
660 844 825 882 Guietus.
846 867 890 872 —
911 847 1055 882 salueto
1076 847 1350 884 Fleckeisenus:
1376 849 1421 891 cf.
1443 849 1644 884 Muellerus

108 899 212 935 Pros.
233 911 272 944 p.
301 902 384 935 596.
413 902 497 935 680.
526 919 568 924 —-
596 899 666 933 Em
691 899 779 944 quid
804 901 897 936 male
922 900 1145 947 Spenyelius.

206 963 297 994 1007
311 971 360 1005 sq.
396 959 472 994 scio
499 961 589 996 cur?
619 962 658 995 te
679 989 686 995 .
704 988 711 995 .
726 988 734 995 .
750 989 757 996 .
775 959 909 1004 filium,
936 960 1026 1005 quia
1051 961 1225 996 distinxit
1251 962 1304 996 Is.
1336 961 1540 998 Pontanus.
1586 961 1643 996 De

111 1023 174 1047 cur
199 1014 246 1057 cf.
272 1013 470 1058 Lanyenus
490 1014 602 1049 Anal.
630 1014 687 1047 II
703 1025 743 1058 p.
765 1017 798 1049 3.
825 1016 972 1058 patrem
999 1026 1092 1059 quor
1117 1015 1181 1049 ted
1207 1014 1409 1050 adsimules
1436 1016 1474 1050 et
1499 1014 1551 1051 g.
1587 1015 1642 1059 Cf.

107 1066 278 1111 Meyerus
303 1067 325 1101 l.
339 1077 365 1102 s.
377 1078 404 1102 s.
414 1079 454 1112 p.
471 1069 530 1103 80.
568 1067 626 1102 De
650 1067 744 1102 lucis
770 1067 902 1102 tuendi
926 1069 1008 1103 vide
1033 1069 1234 1114 Berykiurn
1256 1068 1642 1113 ‘Beitr.’p.146sqq.‚

110 1120 303 1155 Herteium
336 1120 444 1155 Vind.
472 1120 562 1155 Gen.
588 1121 649 1155 alt.
671 1132 710 1165 p.
727 1124 774 1156 58
787 1132 837 1166 sq.
864 1124 897 1156 et
921 1122 1060 1156 Annal.
1076 1122 1169 1166 phil.
1192 1121 1290 1156 CXI
1309 1124 1356 1166 (a.
1373 1124 1484 1165 1875)
1500 1134 1539 1167 Ρ.
1558 1125 1643 1164 507,

115 1174 309 1208 Vsenerum
341 1175 479 1208 Annal.
508 1175 603 1218 phil.
629 1177 652 1209 t.
683 1173 844 1209 CXVII
870 1176 917 1220 (a.
945 1177 1058 1217 1878)
1079 1186 1118 1219 p.
1148 1178 1194 1210 77
1208 1186 1257 1220 sq.
1297 1174 1458 1211 Ceterum
1490 1187 1521 1210 v.
1552 1179 1640 1209 1009

108 1233 287 1266 (EanUO
313 1228 349 1261 A
375 1239 455 1263 eum
481 1227 517 1262 B
550 1231 634 1263 teste
666 1227 915 1263 Studemundo
948 1229 1050 1273 apud
1084 1226 1272 1264 Caesarem
1303 1230 1345 1264 de
1370 1229 1429 1265 Pl.
1456 1240 1555 1263 mem.
1582 1240 1640 1272 ap.

110 1280 210 1316 Non.
236 1281 426 1326 Argentor.
454 1282 506 1318 ed.
533 1292 565 1315 a.
593 1285 693 1316 1886
714 1293 752 1325 p.
780 1284 838 1316 35.

203 1338 305 1369 1011.
334 1335 478 1369 seruost
504 1333 760 1369 Fleckeisenus
784 1334 1012 1379 Briaeiusque
1037 1346 1111 1370 non
1137 1336 1345 1380 obloquente
1373 1336 1511 1372 Olseno.

204 1391 295 1422 1014
307 1399 355 1432 sq.
383 1387 567 1422 Indicium
591 1387 669 1422 illic
697 1387 860 1423 Guietus.
890 1408 934 1413 ——
960 1387 1027 1422 me
1052 1388 1220 1424 BothiuS.
1248 1388 1309 1423 Illi
1336 1389 1426 1433 (scil.
1453 1389 1492 1423 in
1516 1388 1640 1433 Alide)

107 1440 159 1477 Ξ.
195 1440 266 1475 Hic
298 1441 510 1486 Geppertus.
544 1441 651 1475 Nunc
689 1440 893 1487 Vssinqius.
937 1441 1019 1476 Illic
1054 1443 1118 1477 vix
1149 1445 1240 1477 recte
1274 1453 1318 1477 ex
1349 1441 1381 1477 is
1405 1443 1641 1487 praecedente

106 1495 177 1537 def.
212 1494 372 1529 Briaeius
407 1495 516 1529 simul
540 1489 625 1528 >una
651 1504 722 1539 pro
755 1493 853 1529 hune
877 1496 1053 1539 reposito,
1077 1497 1251 1540 quoniam
1287 1507 1367 1531 oum
1405 1493 1644 1531 Fleckeiseno'

105 1551 304 1592 sequentem
329 1558 470 1582 versum
494 1551 607 1582 totum
633 1547 838 1583 Philocrati
863 1548 1091 1582 continuavit
1118 1547 1214 1590 Quin
1240 1549 1349 1583 initio
1375 1559 1465 1584 corr.

203 1610 305 1641 1016.
332 1605 428 1648 Quid
443 1604 522 1643 ais?
550 1608 605 1651 (tu
619 1610 704 1642 ante
724 1606 937 1652 capteiuum
950 1594 1068 1640 filium
1088 1608 1273 1650 traiciens)
1293 1605 1456 1642 Guietus.
1474 1627 1516 1632 -
1532 1607 1640 1641 illum

105 1659 234 1704 (illunc
260 1660 430 1704 Bothius)
456 1659 564 1694 huius
593 1660 784 1705 captiuum
817 1660 935 1694 filium
967 1660 1134 1706 Pylades.
1171 1661 1279 1695 illum
1306 1661 1495 1706 captiuom
1530 1661 1639 1695 huius

106 1712 223 1747 filium
250 1713 517 1749 Fleckeisenus.
546 1712 601 1756 Cf.
631 1713 833 1748 Muellerus
856 1712 961 1748 Pros.
986 1725 1022 1758 p.
1051 1716 1131 1750 549.

204 1776 304 1807 1018.
349 1773 463 1808 Hunc
487 1783 629 1807 versum
654 1783 734 1807 cum
760 1784 790 1808 v.
817 1775 912 1808 1011
946 1774 1057 1808 eidem
1077 1777 1206 1818 poetae
1236 1775 1353 1809 tribui
1372 1785 1477 1819 posse
1502 1785 1640 1819 neyans

104 1825 264 1860 Brixius
296 1827 509 1861 assentiente
540 1826 717 1861 ,Muellero
749 1826 853 1862 Pros.
877 1839 916 1872 p.
941 1830 1013 1862 430
1045 1829 1088 1863 de
1113 1829 1230 1864 altera
1264 1830 1468 1864 recensione
1494 1830 1639 1878 coyitat,

105 1883 147 1914 ut
172 1880 257 1914 olim
276 1883 362 1924 post
385 1890 417 1914 v.
446 1883 538 1914 1010
563 1880 621 1914 hio
645 1880 854 1915 subsecutus
879 1882 928 1916 sit
953 1893 975 1916 a
1000 1880 1098 1916 Nam
1123 1881 1193 1916 tibi
1212 1893 1285 1926 pro
1310 1881 1418 1916 Nunc
1444 1882 1515 1917 tibi
1547 1883 1637 1916 inci-

99 1933 216 1977 piens.
255 1932 310 1976 Cf.
337 1933 445 1968 etiam
468 1933 637 1968 Goeteius
654 1933 738 1967 Aet.
764 1944 833 1968 soc.
854 1935 946 1978 phil.
974 1934 1079 1979 Lips.
1115 1935 1176 1969 VI
1192 1947 1232 1980 p.
1258 1938 1345 1971 266.
1397 1937 1449 1971 At
1467 1947 1542 1970 non
1562 1937 1639 1970 sine

104 1989 182 2021 arte
207 1986 397 2031 descripsit
416 1989 527 2030 poeta
552 1987 728 2031 quomodo
757 1987 955 2032 Tyndarus
980 1998 1024 2022 ese
1043 1987 1269 2024 Aceleerunte
1293 1990 1436 2024 rediens
1461 1991 1524 2024 eisc
1549 1993 1640 2024 recte

104 2040 237 2074 audiat
271 2040 529 2084 fortunamque
562 2041 694 2074 miram
726 2041 1060 2086 inexpectatamque
1095 2053 1198 2088 aeyre
1233 2043 1366 2088 capiat.
1420 2042 1474 2086 Cf.
1507 2043 1640 2094 similes

104 2093 367 2137 Aristophanis
399 2093 493 2128 locos
524 2104 548 2128 a
573 2093 793 2138 Bamberyio
825 2097 999 2130 tractatos
1036 2094 1172 2129 ‘Zsclirz
1199 2096 1226 2139 f.
1255 2096 1288 2130 d.
1319 2095 1449 2141 Gymn.
1470 2096 1528 2131 w.'
1558 2096 1641 2130 XX

101 2158 138 2191 p.
167 2149 255 2191 222,
293 2146 426 2181 Eaeerc.
453 2147 532 2182 crit.
558 2147 601 2181 in
625 2147 810 2191 Aristoph.
837 2147 992 2182 Plutum
1019 2149 1071 2183 ed.
1098 2148 1218 2184 Berol.
1247 2161 1279 2185 a.
1307 2153 1405 2184 1869
1428 2161 1467 2194 p.
1495 2152 1554 2185 38.

200 2209 301 2240 1019.
330 2217 428 2240 nunc
449 2217 529 2241 cum
547 2206 764 2241 Boxhornio
785 2208 892 2242 multi
904 2209 1173 2252 praetulerunt,
1200 2210 1297 2243 unde
1323 2210 1373 2243 At
1392 2220 1488 2244 nunc
1504 2210 1637 2244 Linde-

104 2270 262 2294 mannus
287 2260 385 2294 dedit
411 2270 476 2294 om.
504 2269 573 2304 ego
600 2259 658 2303 (cf.
685 2270 716 2294 v.
743 2260 821 2305 sq.)⁸

203 2322 304 2352 1020.
340 2317 494 2352 Meritus
529 2320 594 2352 est.
640 2319 657 2355 ΓΓ
683 2329 770 2364 ergo
803 2319 935 2365 edepol
966 2321 1100 2356 merito
1137 2320 1326 2356 Gruterus.
1379 2321 1534 2355 Meritus
1569 2324 1634 2356 est.

107 2372 239 2417 ffErgo
267 2372 400 2417 edepol
424 2371 483 2406 illi
503 2372 666 2407 Guietus.
694 2371 877 2407 Meritust.
924 2373 1058 2419 [sErgo
1085 2385 1154 2419 ego
1181 2373 1315 2419 edepol
1342 2374 1476 2409 merito
1497 2375 1634 2410 Linde-

103 2435 262 2459 mannus
286 2425 328 2459 in
353 2425 438 2459 adn.
465 2423 551 2460 huic
577 2425 773 2460 addiderat
800 2424 1032 2462 Camerarius
1058 2428 1180 2472 (etiam
1204 2428 1246 2462 in
1270 2428 1307 2462 R
1331 2432 1373 2463 ut
1397 2429 1497 2472 vid.)

202 2487 302 2518 1021.
339 2494 403 2519 oro
434 2485 472 2519 te
497 2484 672 2519 Bothius³
705 2483 784 2528 (ted
814 2495 877 2519 oro
904 2485 1120 2530 Kaempfius
1145 2487 1165 2522 l.
1193 2497 1219 2521 s.
1246 2497 1272 2521 s.
1296 2498 1335 2530 p.
1363 2488 1436 2531 30).
1483 2487 1635 2522 obsecro

108 2537 311 2582 Geppertus
348 2538 499 2582 itemque
536 2537 696 2573 Loclzius
728 2538 770 2572 de
801 2538 964 2583 imperat.
1005 2540 1071 2583 (ed.
1102 2540 1244 2574 IlIemel.
1272 2551 1305 2574 a.
1332 2542 1444 2584 1871)
1467 2552 1505 2585 p.
1533 2544 1578 2574 11
1604 2543 1636 2575 et

104 2591 356 2636 Heerdeyenus
384 2591 542 2627 ‘Vnters
570 2602 598 2627 Ζ.
626 2592 687 2626 lat.
716 2591 916 2626 Semastol)
946 2592 1021 2626 III
1041 2593 1106 2636 (ecl.
1134 2592 1216 2627 Erl.
1243 2605 1277 2628 α.
1301 2596 1414 2638 1881)
1435 2605 1473 2638 p.
1495 2598 1556 2629 20.
1573 2595 1634 2628 25.

105 2665 147 2670 -
174 2643 276 2678 Tune
307 2655 411 2679 meus
444 2655 480 2679 es
518 2644 666 2689 genitor
698 2644 862 2680 Guietus.
891 2666 933 2670 —
962 2645 1041 2690 Ego
1074 2645 1104 2679 is
1138 2657 1219 2679 sum
1251 2646 1413 2681 Bossclia
1451 2649 1497 2690 (et
1528 2649 1635 2679 antea

103 2699 191 2731 tune
218 2698 325 2742 pater
351 2708 388 2732 es
413 2699 542 2742 meus).
582 2698 711 2742 Egone
736 2696 779 2733 »g
805 2699 893 2733 duee
917 2698 964 2734 B.

200 2759 290 2790 1022
305 2766 354 2800 sq.
399 2755 480 2791 Hos
504 2767 626 2792 versus
651 2757 704 2791 sic
736 2758 920 2793 contraxit
944 2758 1119 2794 Bothius:
1143 2758 1288 2802 Edepol
1319 2758 1466 2791 demum
1494 2756 1530 2790 in
1560 2767 1634 2790 me-

103 2808 260 2843 moriam
284 2820 382 2843 nunc
408 2809 599 2854 regredior
632 2821 744 2854 quom
771 2810 913 2855 cogito,
945 2812 997 2846 sic
1028 2815 1147 2846 autem
1180 2811 1395 2845 ll‘eidnerus
1421 2810 1571 2843 Aclvers.
1596 2820 1632 2853 p.

105 2863 172 2896 21.-
208 2861 316 2896 Nune
348 2863 496 2897 demum
528 2863 566 2897 in
597 2864 815 2898 memoriam
846 2864 956 2898 redeo
989 2867 1028 2899 eb
1059 2863 1164 2908 quasi
1196 2873 1261 2907 per
1299 2861 1472 2896 nebulam
1508 2862 1633 2907 cogito

106 2914 304 2950 Audiuisse
329 2925 388 2949 me
413 2914 458 2949 Η.
484 2927 532 2950 m.
560 2928 594 2961 p.
622 2929 655 2950 u.
683 2917 982 2962 Dittoyraphiam
1009 2919 1139 2952 statuit
1161 2920 1331 2951 (lsannus
1357 2917 1386 2949 Λ
1397 2917 1467 2950 nal.
1492 2927 1528 2959 p.
1545 2920 1633 2958 200,

106 2977 247 3002 versum
274 2971 365 3002 1023
390 2973 432 3003 ut
461 2970 634 3013 ylossema
659 2970 800 3013 prioris
826 2975 908 3015 post
935 2972 1103 3005 Guielum
1139 2971 1287 3003 inclusit
1314 2969 1566 3004 Iv'lecl.·eisenus
1592 2970 1633 3003 in
