1946 3344
791 170 1072 207 PRAEFATIO
1631 172 1698 207 XV

165 296 313 323 verum
346 284 428 332 est,
468 281 626 323 saeculi
658 280 721 322 XI
732 315 743 334 ,
784 296 872 323 non
905 282 1064 324 saeculi
1095 280 1199 336 XII,
1231 280 1510 323 Vrsinianum
1543 280 1700 337 esse&

163 352 371 394 Eiusdem
403 367 504 394 vero
537 353 692 394 aetatis
726 355 791 394 est
823 367 977 394 manus
1011 354 1164 407 altera,
1195 353 1280 394 nisi
1312 352 1423 394 forte
1450 352 1541 407 ipse
1569 352 1699 394 libra-

162 423 251 465 rius
289 426 442 478 postea
480 424 667 466 correxit
703 423 918 465 fabulam:
966 438 1092 479 saepe
1132 424 1244 466 enim
1291 437 1417 479 aegre
1459 423 1701 478 distinguas

161 497 388 549 utramque
434 509 628 550 manum,
678 509 774 536 cum
818 492 881 536 D3
931 495 1199 537 coniecturas
1250 494 1438 537 hominis
1490 494 1605 537 docti
1649 508 1700 535 ex

163 580 272 608 saec.
292 565 495 620 XIVJXV
516 566 722 607 intulerit.
767 565 812 607 D
839 567 981 607 autem
1008 581 1085 621 per
1106 566 1216 608 hanc
1237 566 1430 608 fabulam
1451 580 1500 607 eo
1521 565 1699 607 maioris

162 638 373 679 momenti
406 641 488 692 est,
527 637 628 691 quia
667 652 754 679 non
796 651 956 692 paucas
988 652 1272 692 personarum
1305 639 1431 679 notas
1468 662 1516 667 —
1553 637 1696 691 plures

162 709 316 750 saltem
351 723 478 763 quam
510 708 545 751 C
576 733 630 738 ——
665 723 715 749 ex
748 708 1010 763 antiquitate
1044 709 1244 750 servavit.

279 778 476 834 Denique
508 778 774 834 Lipsiensem
814 779 897 820 huc
934 779 1240 821 transmissum
1273 779 1437 821 contuli
1476 778 1698 820 editionis-

161 864 241 904 que
272 849 481 905 principis
515 851 753 905 scripturas
787 865 838 891 ex
872 849 1208 892 Schneideriana
1240 850 1377 892 hausi.

278 920 371 963 Iam
396 921 441 962 Β
453 921 536 965 OD
570 921 738 964 codices
772 924 815 963 et
846 921 939 976 ipse
972 935 1023 962 ex
1055 924 1178 976 parte
1212 922 1367 963 saltem
1393 922 1435 962 A
1469 935 1519 962 ex
1553 920 1697 961 arche—

159 994 266 1047 typo
291 993 516 1048 fluxerunt,
549 993 621 1048 qui
647 1008 744 1035 cum
772 992 869 1034 aliis
896 992 1016 1034 vitiis
1043 992 1306 1047 inquinatus,
1331 995 1424 1034 tum
1452 992 1623 1046 saepius
1650 991 1693 1032 in

161 1064 427 1118 marginibus
455 1066 584 1119 atque
611 1064 742 1106 etiam
768 1064 813 1105 in
839 1063 990 1105 mediis
1016 1063 1188 1119 paginis
1211 1064 1299 1105 sive
1319 1063 1494 1105 madore
1516 1062 1692 1104 affectus

160 1134 250 1176 sive
270 1135 497 1177 mutilatus
524 1135 664 1178 fuerit.
715 1134 831 1184 Quas
857 1134 1223 1177 mutilationes
1251 1135 1399 1190 attigit
1418 1134 1693 1177 Franckenus

159 1206 184 1247 l.
219 1221 250 1248 s.
283 1221 316 1249 s,
346 1221 387 1261 p.
420 1206 477 1249 52
492 1222 564 1262 sq„
608 1221 746 1261 neque
789 1209 939 1248 tamen
984 1206 1090 1248 satis
1138 1208 1336 1248 accurate
1382 1208 1455 1247 aut
1500 1206 1693 1259 exempla

158 1279 379 1333 congessit
411 1281 486 1320 aut
516 1293 607 1320 rem
638 1279 778 1333 ipsam
811 1277 1092 1333 definivitssss).

275 1349 408 1391 Recte
440 1350 538 1392 inde
569 1349 787 1404 profectus
820 1352 886 1391 est
913 1349 1027 1404 quod
1054 1349 1225 1403 saepius
1247 1348 1320 1390 ubi
1346 1348 1471 1390 initia
1493 1363 1690 1389 versuum

160 1421 351 1463 abscissa
382 1424 482 1463 sunt
512 1421 660 1476 paucis
692 1421 889 1463 versibus
910 1422 1011 1476 post
1036 1421 1164 1462 finem
1187 1420 1337 1462 abesse
1359 1420 1563 1461 videmus.
1609 1417 1691 1460 Sed

257 1574 291 1618 ᾖ)
317 1574 421 1609 Idem
448 1573 571 1610 valere
598 1573 644 1609 de
671 1573 873 1609 Decurtato
899 1574 974 1608 iam
1001 1574 1039 1608 in
1065 1571 1272 1607 Trinummi
1299 1571 1462 1607 editione
1487 1571 1537 1605 III
1562 1584 1598 1616 p.
1626 1570 1694 1605 XII

159 1628 242 1662 adn.
276 1632 296 1662 2
336 1640 419 1662 cum
451 1628 753 1673 Zangemeistero
793 1626 993 1662 affirmavi:
1033 1627 1145 1671 atque
1179 1625 1411 1661 confirmavit
1441 1624 1621 1659 iudicium
1654 1623 1690 1658 in

159 1681 363 1726 scripturae
391 1681 569 1726 exemplis
590 1680 765 1717 exhibitis
785 1680 967 1716 Aemilius
989 1681 1033 1714 de
1055 1678 1263 1714 Chatelain.
1305 1679 1477 1714 Ceterum
1502 1678 1542 1712 in
1562 1678 1692 1712 eadem

159 1733 336 1769 schedula
375 1734 544 1770 Loewius
583 1734 763 1770 iudicium
801 1735 846 1769 de
884 1734 1097 1779 fragmento
1137 1732 1390 1768 Ottoboniano
1429 1732 1468 1766 in
1499 1731 1690 1766 Analectis

157 1787 340 1823 Plautinis
354 1788 542 1833 prolatum
555 1789 762 1823 retractans
775 1787 973 1823 Vrsiniano
993 1787 1182 1831 antiquius
1202 1798 1276 1822 non
1297 1797 1377 1822 esse
1398 1785 1560 1830 scripsit:
1589 1785 1687 1819 uncle

158 1840 322 1886 corrigas
349 1853 443 1886 quae
469 1841 508 1876 in
533 1841 766 1887 praefatione
793 1841 1034 1886 Captivorum
1059 1853 1094 1886 p.
1122 1840 1173 1875 XI
1198 1839 1338 1875 rettuli.

240 1894 292 1938 aa)
319 1894 374 1929 En
400 1895 517 1930 habes
543 1895 713 1930 tabulam
739 1893 968 1938 Franckeni,
996 1905 1067 1937 quo
1094 1893 1241 1928 facilius
1269 1905 1475 1939 compares:

327 1955 385 1991 ‘V.
414 1959 598 1990 648—651
778 1958 963 1990 666—671
1206 1957 1394 1988 666—648
1416 1971 1459 1982 =
1484 1958 1524 1988 18

163 2007 244 2041 finis
259 2019 432 2043 versuum
447 2009 689 2044 desideratur.
758 2008 906 2044 initium
921 2008 996 2043 des
1072 2007 1267 2052 inscriptio
1288 2018 1419 2042 scenae
1440 2010 1471 2042 3.
1505 2011 1524 2041 2

1136 2078 1234 2103 nova
1258 2078 1344 2112 pag.
1370 2070 1457 2112 post
1482 2070 1527 2101 20
1553 2078 1689 2101 versus.

348 2144 532 2176 666—671
775 2143 964 2174 698-700
1217 2142 1404 2174 698—666
1433 2156 1474 2166 =
1503 2142 1546 2172 32

346 2194 426 2228 init.
455 2193 530 2228 des.
784 2193 865 2227 init.
893 2193 968 2227 cles.
1135 2203 1273 2228 novum
1298 2192 1362 2227 fol.
1390 2195 1477 2237 post
1503 2195 1546 2225 32
1576 2204 1607 2225 v.

1166 2257 1249 2280 nov.
1277 2257 1361 2290 pag.
1389 2247 1476 2290 post
1504 2248 1546 2279 16

347 2315 534 2347 698—-700
774 2315 859 2356 712,
893 2315 960 2345 713
1216 2314 1402 2345 712—698
1425 2327 1467 2338 ==
1492 2313 1534 2343 14

345 2366 425 2400 init.
452 2366 528 2400 des.
775 2364 857 2399 finis
885 2364 959 2399 des.
1218 2364 1326 2398 inscr.
1356 2375 1404 2398 sc.
1516 2366 1535 2396 2

1490 2426 1532 2456 16

347 2494 433 2533 712,
461 2494 527 2525 713
775 2492 860 2531 723,
889 2492 956 2523 724
1216 2492 1400 2523 723—712
1424 2505 1466 2516 =
1490 2491 1530 2521 11

355 2544 415 2578 fin.
443 2544 518 2578 dee.
777 2541 857 2576 init.
886 2541 960 2576 des.

157 2603 197 2637 In
222 2602 341 2638 tribus
366 2601 516 2647 paginis
542 2601 577 2636 h.
606 2602 628 2637 l.
655 2601 864 2636 invenimus
894 2605 936 2635 16
963 2612 1088 2636 versus
1115 2601 1166 2645 (in
1193 2600 1377 2646 singulis),
1403 2600 1442 2634 in
1468 2611 1540 2633 una
1566 2604 1621 2641 20,
1648 2599 1685 2632 in

157 2659 345 2701 postrema
378 2667 451 2690 non
485 2655 644 2700 amplius
673 2658 714 2689 11
752 2654 908 2690 versus’.
960 2653 1132 2688 Ceterum
1166 2653 1230 2688 ubi
1262 2653 1333 2698 ipsi
1361 2651 1507 2687 codices
1534 2652 1685 2685 lacunas

156 2710 384 2754 significant,
422 2710 500 2743 tam
537 2710 710 2744 accurate
749 2707 930 2753 expressi,
975 2718 1087 2752 quam
1131 2718 1196 2751 per
1239 2705 1527 2751 typographiam
1568 2703 1683 2738 licuit.

159 2763 264 2806 Quod
291 2774 334 2799 6ο
359 2763 481 2807 magis
506 2762 756 2797 necessarium
783 2763 879 2804 erat,
916 2761 1014 2805 quod
1043 2761 1190 2805 saepius
1223 2760 1318 2794 falsa
1344 2760 1388 2793 do
1416 2758 1559 2792 ambitu
1585 2757 1684 2791 lucu—

156 2828 284 2851 narum
312 2816 550 2861 protulerunt
572 2815 744 2851 homines
771 2815 872 2850 docti
899 2814 1018 2859 (velut
1036 2814 1235 2848 Benoistus
1263 2811 1452 2847 collationi
1482 2812 1540 2844 sat
1559 2810 1682 2854 negle-

156 2870 259 2914 genti
285 2870 396 2904 fidem
422 2869 579 2913 habuit).
620 2869 854 2911 Quamquam
881 2877 926 2901 ne
952 2865 1109 2901 nimium
1135 2866 1278 2900 tribuas
1305 2864 1340 2898 in
1363 2865 1432 2898 hac
1454 2876 1490 2897 ro
1512 2863 1681 2898 codicum

159 2923 326 2967 vestigiis
352 2922 435 2968 ipsa
461 2922 713 2967 discrepantia
738 2922 884 2966 saepius
911 2920 1110 2956 manifesta
1136 2919 1271 2953 mouet.
