<?xml version="1.0" encoding="UTF-8"?>
<!DOCTYPE html PUBLIC "-//W3C//DTD XHTML 1.0 Transitional//EN"
    "http://www.w3.org/TR/xhtml1/DTD/xhtml1-transitional.dtd">
<html xmlns="http://www.w3.org/1999/xhtml" xml:lang="en" lang="en">
 <head>
  <title>
</title>
<meta http-equiv="Content-Type" content="text/html;charset=utf-8" />
  <meta name='ocr-system' content='tesseract 3.04.00' />
  <meta name='ocr-capabilities' content='ocr_page ocr_carea ocr_par ocr_line ocrx_word'/>
</head>
<body>
  <div class='ocr_page' id='page_1' title='image "./comoediaerecensv03plauuoft_0762.png"; bbox 0 0 1946 3344; ppageno 0'>
   <div class='ocr_carea' id='block_1_1' title="bbox 277 249 1173 304">
    <p class='ocr_par' dir='ltr' id='par_1_1' title="bbox 277 249 1173 304">
     <span class='ocr_line' id='line_1_1' title="bbox 277 249 1173 304; baseline -0.002 -1"><span class='ocrx_word' id='word_1_1' title='bbox 277 270 361 304; x_wconf 83' lang='lat' dir='ltr'>vni</span> <span class='ocrx_word' id='word_1_2' title='bbox 895 249 1173 302; x_wconf 61' lang='lat' dir='ltr'>PRAiiFArio</span> 
     </span>
    </p>
   </div>
   <div class='ocr_carea' id='block_1_2' title="bbox 269 374 1802 1996">
    <p class='ocr_par' dir='ltr' id='par_1_2' title="bbox 269 374 1802 1996">
     <span class='ocr_line' id='line_1_2' title="bbox 277 374 1801 433; baseline -0.001 -13"><span class='ocrx_word' id='word_1_3' title='bbox 277 379 340 420; x_wconf 90' lang='lat' dir='ltr'>De</span> <span class='ocrx_word' id='word_1_4' title='bbox 374 378 528 433; x_wconf 87' lang='lat' dir='ltr'>quibus</span> <span class='ocrx_word' id='word_1_5' title='bbox 562 377 752 431; x_wconf 90' lang='lat' dir='ltr'>reliquiis</span> <span class='ocrx_word' id='word_1_6' title='bbox 785 375 872 416; x_wconf 87' lang='lat' dir='ltr'><strong>dixi</strong></span> <span class='ocrx_word' id='word_1_7' title='bbox 906 375 1078 431; x_wconf 86' lang='lat' dir='ltr'>Parerg.</span> <span class='ocrx_word' id='word_1_8' title='bbox 1111 376 1174 417; x_wconf 90' lang='lat' dir='ltr'>Pl.</span> <span class='ocrx_word' id='word_1_9' title='bbox 1206 376 1225 417; x_wconf 92' lang='lat' dir='ltr'>I</span> <span class='ocrx_word' id='word_1_10' title='bbox 1258 391 1298 430; x_wconf 89' lang='lat' dir='ltr'>p.</span> <span class='ocrx_word' id='word_1_11' title='bbox 1330 374 1480 431; x_wconf 72' lang='lat'>297*).</span> <span class='ocrx_word' id='word_1_12' title='bbox 1512 401 1566 405; x_wconf 91' lang='lat'><strong>—</strong></span> <span class='ocrx_word' id='word_1_13' title='bbox 1600 377 1650 418; x_wconf 89' lang='lat' dir='ltr'>In</span> <span class='ocrx_word' id='word_1_14' title='bbox 1681 378 1801 432; x_wconf 84' lang='lat' dir='ltr'>pagi-</span> 
     </span>
     <span class='ocr_line' id='line_1_3' title="bbox 277 447 1801 502; baseline -0.001 -12"><span class='ocrx_word' id='word_1_15' title='bbox 277 464 355 490; x_wconf 99' lang='lat' dir='ltr'>nae</span> <span class='ocrx_word' id='word_1_16' title='bbox 393 450 477 491; x_wconf 75' lang='lat'>382</span> <span class='ocrx_word' id='word_1_17' title='bbox 514 463 640 489; x_wconf 88' lang='lat' dir='ltr'>versu</span> <span class='ocrx_word' id='word_1_18' title='bbox 678 449 700 489; x_wconf 79' lang='lat'>7</span> <span class='ocrx_word' id='word_1_19' title='bbox 739 447 939 502; x_wconf 86' lang='lat' dir='ltr'>apparuit</span> <span class='ocrx_word' id='word_1_20' title='bbox 964 453 1262 502; x_wconf 86' lang='lat' dir='ltr'>MENAECHM,</span> <span class='ocrx_word' id='word_1_21' title='bbox 1293 447 1339 488; x_wconf 91' lang='lat' dir='ltr'>in</span> <span class='ocrx_word' id='word_1_22' title='bbox 1374 462 1499 488; x_wconf 88' lang='lat' dir='ltr'>versu</span> <span class='ocrx_word' id='word_1_23' title='bbox 1538 448 1591 489; x_wconf 83' lang='lat'>15</span> <span class='ocrx_word' id='word_1_24' title='bbox 1627 454 1801 489; x_wconf 81' lang='lat' dir='ltr'>FELICI-</span> 
     </span>
     <span class='ocr_line' id='line_1_4' title="bbox 278 517 1801 574; baseline -0.001 -13"><span class='ocrx_word' id='word_1_25' title='bbox 278 527 384 562; x_wconf 82' lang='lat' dir='ltr'>TER.</span> <span class='ocrx_word' id='word_1_26' title='bbox 446 519 586 574; x_wconf 83' lang='lat' dir='ltr'>Ipsius</span> <span class='ocrx_word' id='word_1_27' title='bbox 620 519 753 574; x_wconf 85' lang='lat' dir='ltr'>igitur</span> <span class='ocrx_word' id='word_1_28' title='bbox 784 517 954 559; x_wconf 84' lang='lat' dir='ltr'>fabulae</span> <span class='ocrx_word' id='word_1_29' title='bbox 986 518 1159 560; x_wconf 88' lang='lat' dir='ltr'>initium</span> <span class='ocrx_word' id='word_1_30' title='bbox 1186 519 1319 560; x_wconf 90' lang='lat' dir='ltr'>fiebat</span> <span class='ocrx_word' id='word_1_31' title='bbox 1350 519 1396 559; x_wconf 91' lang='lat' dir='ltr'>in</span> <span class='ocrx_word' id='word_1_32' title='bbox 1427 519 1678 560; x_wconf 88' lang='lat' dir='ltr'>membrana</span> <span class='ocrx_word' id='word_1_33' title='bbox 1709 520 1801 561; x_wconf 85' lang='lat' dir='ltr'>Aa:</span> 
     </span>
     <span class='ocr_line' id='line_1_5' title="bbox 274 589 1802 645; baseline -0.001 -13"><span class='ocrx_word' id='word_1_34' title='bbox 274 605 351 632; x_wconf 90' lang='lat' dir='ltr'>nec</span> <span class='ocrx_word' id='word_1_35' title='bbox 384 594 547 644; x_wconf 86' lang='lat' dir='ltr'>tamen,</span> <span class='ocrx_word' id='word_1_36' title='bbox 587 592 795 645; x_wconf 89' lang='lat' dir='ltr'>quantum</span> <span class='ocrx_word' id='word_1_37' title='bbox 835 590 1007 644; x_wconf 81' lang='lat' dir='ltr'>assequi</span> <span class='ocrx_word' id='word_1_38' title='bbox 1039 590 1285 631; x_wconf 87' lang='lat' dir='ltr'>coniectura</span> <span class='ocrx_word' id='word_1_39' title='bbox 1315 589 1436 644; x_wconf 88' lang='lat' dir='ltr'>licet,</span> <span class='ocrx_word' id='word_1_40' title='bbox 1479 590 1524 631; x_wconf 91' lang='lat' dir='ltr'>in</span> <span class='ocrx_word' id='word_1_41' title='bbox 1554 590 1716 645; x_wconf 83' lang='lat' dir='ltr'>pagina</span> <span class='ocrx_word' id='word_1_42' title='bbox 1747 591 1802 644; x_wconf 91' lang='lat' dir='ltr'>A,</span> 
     </span>
     <span class='ocr_line' id='line_1_6' title="bbox 274 660 1800 717; baseline -0.001 -13"><span class='ocrx_word' id='word_1_43' title='bbox 274 663 318 703; x_wconf 88' lang='lat' dir='ltr'>in</span> <span class='ocrx_word' id='word_1_44' title='bbox 352 677 435 717; x_wconf 86' lang='lat' dir='ltr'>qua</span> <span class='ocrx_word' id='word_1_45' title='bbox 460 662 595 703; x_wconf 86' lang='lat' dir='ltr'>videri</span> <span class='ocrx_word' id='word_1_46' title='bbox 629 661 907 702; x_wconf 87' lang='lat' dir='ltr'>didascaliam</span> <span class='ocrx_word' id='word_1_47' title='bbox 943 661 1149 715; x_wconf 89' lang='lat' dir='ltr'>scriptam</span> <span class='ocrx_word' id='word_1_48' title='bbox 1181 660 1316 702; x_wconf 87' lang='lat' dir='ltr'>fuisse</span> <span class='ocrx_word' id='word_1_49' title='bbox 1341 661 1368 701; x_wconf 98' lang='grc'>1.</span> <span class='ocrx_word' id='word_1_50' title='bbox 1396 675 1426 702; x_wconf 92' lang='lat' dir='ltr'>s.</span> <span class='ocrx_word' id='word_1_51' title='bbox 1455 676 1485 702; x_wconf 92' lang='lat' dir='ltr'>s.</span> <span class='ocrx_word' id='word_1_52' title='bbox 1519 661 1618 714; x_wconf 83' lang='lat' dir='ltr'>dixi,</span> <span class='ocrx_word' id='word_1_53' title='bbox 1652 661 1726 702; x_wconf 86' lang='lat' dir='ltr'>sed</span> <span class='ocrx_word' id='word_1_54' title='bbox 1757 661 1800 702; x_wconf 89' lang='lat' dir='ltr'>in</span> 
     </span>
     <span class='ocr_line' id='line_1_7' title="bbox 275 731 1799 787; baseline -0.001 -13"><span class='ocrx_word' id='word_1_55' title='bbox 275 748 299 774; x_wconf 79' lang='lat' dir='ltr'>a</span> <span class='ocrx_word' id='word_1_56' title='bbox 333 733 515 775; x_wconf 88' lang='lat' dir='ltr'>demum.</span> <span class='ocrx_word' id='word_1_57' title='bbox 578 732 691 774; x_wconf 89' lang='lat' dir='ltr'>Nam</span> <span class='ocrx_word' id='word_1_58' title='bbox 724 746 819 774; x_wconf 90' lang='lat' dir='ltr'>cum</span> <span class='ocrx_word' id='word_1_59' title='bbox 847 732 1007 787; x_wconf 82' lang='lat' dir='ltr'>pagina</span> <span class='ocrx_word' id='word_1_60' title='bbox 1033 732 1153 774; x_wconf 61' lang='lat'>4281)</span> <span class='ocrx_word' id='word_1_61' title='bbox 1184 732 1438 773; x_wconf 74' lang='lat' dir='ltr'>terminetur</span> <span class='ocrx_word' id='word_1_62' title='bbox 1470 731 1642 773; x_wconf 86' lang='lat' dir='ltr'>fabulae</span> <span class='ocrx_word' id='word_1_63' title='bbox 1675 746 1799 773; x_wconf 88' lang='lat' dir='ltr'>versu</span> 
     </span>
     <span class='ocr_line' id='line_1_8' title="bbox 275 803 1800 859; baseline -0.001 -14"><span class='ocrx_word' id='word_1_64' title='bbox 275 805 331 845; x_wconf 78' lang='lat'>90</span> <span class='ocrx_word' id='word_1_65' title='bbox 366 804 408 856; x_wconf 83' lang='lat' dir='ltr'>[i.</span> <span class='ocrx_word' id='word_1_66' title='bbox 442 804 540 858; x_wconf 82' lang='grc'>91],</span> <span class='ocrx_word' id='word_1_67' title='bbox 585 805 637 845; x_wconf 88' lang='lat' dir='ltr'>ad</span> <span class='ocrx_word' id='word_1_68' title='bbox 683 819 755 845; x_wconf 86' lang='lat' dir='ltr'>sex</span> <span class='ocrx_word' id='word_1_69' title='bbox 794 806 937 845; x_wconf 91' lang='lat' dir='ltr'>autem</span> <span class='ocrx_word' id='word_1_70' title='bbox 976 804 1231 859; x_wconf 86' lang='lat' dir='ltr'>paginarum</span> <span class='ocrx_word' id='word_1_71' title='bbox 1272 803 1462 858; x_wconf 88' lang='lat' dir='ltr'>spatium</span> <span class='ocrx_word' id='word_1_72' title='bbox 1500 803 1800 858; x_wconf 89' lang='lat' dir='ltr'>complendum</span> 
     </span>
     <span class='ocr_line' id='line_1_9' title="bbox 274 875 1801 930; baseline -0.001 -14"><span class='ocrx_word' id='word_1_73' title='bbox 274 890 422 916; x_wconf 83' lang='lat' dir='ltr'>versus</span> <span class='ocrx_word' id='word_1_74' title='bbox 456 875 733 930; x_wconf 71' lang='lat' dir='ltr'>requirantur</span> <span class='ocrx_word' id='word_1_75' title='bbox 766 881 898 926; x_wconf 78' lang='lat' dir='ltr'>CXIV,</span> <span class='ocrx_word' id='word_1_76' title='bbox 939 877 1118 930; x_wconf 89' lang='lat' dir='ltr'>apparet</span> <span class='ocrx_word' id='word_1_77' title='bbox 1157 889 1287 916; x_wconf 86' lang='lat' dir='ltr'>unam</span> <span class='ocrx_word' id='word_1_78' title='bbox 1328 875 1533 929; x_wconf 84' lang='lat' dir='ltr'>paginam</span> <span class='ocrx_word' id='word_1_79' title='bbox 1566 875 1801 929; x_wconf 89' lang='lat' dir='ltr'>superfieri.</span> 
     </span>
     <span class='ocr_line' id='line_1_10' title="bbox 275 945 1801 1001; baseline -0.001 -14"><span class='ocrx_word' id='word_1_80' title='bbox 275 946 371 987; x_wconf 89' lang='lat' dir='ltr'>Nisi</span> <span class='ocrx_word' id='word_1_81' title='bbox 409 947 578 1001; x_wconf 85' lang='lat' dir='ltr'>quidem</span> <span class='ocrx_word' id='word_1_82' title='bbox 619 947 748 988; x_wconf 88' lang='lat' dir='ltr'>etiam</span> <span class='ocrx_word' id='word_1_83' title='bbox 789 946 1041 1001; x_wconf 87' lang='lat' dir='ltr'>ampliorem</span> <span class='ocrx_word' id='word_1_84' title='bbox 1080 946 1125 987; x_wconf 89' lang='lat' dir='ltr'>in</span> <span class='ocrx_word' id='word_1_85' title='bbox 1158 946 1446 988; x_wconf 87' lang='lat' dir='ltr'>Ambrosiano</span> <span class='ocrx_word' id='word_1_86' title='bbox 1485 946 1630 988; x_wconf 90' lang='lat' dir='ltr'>codice</span> <span class='ocrx_word' id='word_1_87' title='bbox 1668 945 1801 987; x_wconf 86' lang='lat' dir='ltr'>fuisse</span> 
     </span>
     <span class='ocr_line' id='line_1_11' title="bbox 275 1017 1801 1072; baseline -0.001 -13"><span class='ocrx_word' id='word_1_88' title='bbox 275 1017 504 1072; x_wconf 86' lang='lat' dir='ltr'>prologum</span> <span class='ocrx_word' id='word_1_89' title='bbox 532 1018 703 1059; x_wconf 85' lang='lat' dir='ltr'>fabulae</span> <span class='ocrx_word' id='word_1_90' title='bbox 732 1018 948 1072; x_wconf 86' lang='lat' dir='ltr'>statueris,</span> <span class='ocrx_word' id='word_1_91' title='bbox 982 1018 1053 1072; x_wconf 89' lang='lat' dir='ltr'>qui</span> <span class='ocrx_word' id='word_1_92' title='bbox 1080 1018 1146 1059; x_wconf 85' lang='lat' dir='ltr'>vel</span> <span class='ocrx_word' id='word_1_93' title='bbox 1173 1032 1285 1058; x_wconf 86' lang='lat' dir='ltr'>nunc</span> <span class='ocrx_word' id='word_1_94' title='bbox 1311 1017 1467 1059; x_wconf 90' lang='lat' dir='ltr'>ieiunis</span> <span class='ocrx_word' id='word_1_95' title='bbox 1495 1017 1801 1058; x_wconf 85' lang='lat' dir='ltr'>additamentis</span> 
     </span>
     <span class='ocr_line' id='line_1_12' title="bbox 270 1087 1798 1143; baseline 0 -14"><span class='ocrx_word' id='word_1_96' title='bbox 270 1088 416 1143; x_wconf 89' lang='lat' dir='ltr'>potius</span> <span class='ocrx_word' id='word_1_97' title='bbox 451 1103 578 1143; x_wconf 88' lang='lat' dir='ltr'>quam</span> <span class='ocrx_word' id='word_1_98' title='bbox 618 1090 707 1130; x_wconf 88' lang='lat' dir='ltr'>ulla</span> <span class='ocrx_word' id='word_1_99' title='bbox 746 1089 1056 1130; x_wconf 85' lang='lat' dir='ltr'>sententiarum</span> <span class='ocrx_word' id='word_1_100' title='bbox 1088 1089 1243 1130; x_wconf 88' lang='lat' dir='ltr'>lacuna</span> <span class='ocrx_word' id='word_1_101' title='bbox 1285 1088 1467 1130; x_wconf 88' lang='lat' dir='ltr'>laborat.</span> <span class='ocrx_word' id='word_1_102' title='bbox 1530 1087 1623 1129; x_wconf 86' lang='lat' dir='ltr'>Illis</span> <span class='ocrx_word' id='word_1_103' title='bbox 1656 1090 1798 1129; x_wconf 90' lang='lat' dir='ltr'>autem</span> 
     </span>
     <span class='ocr_line' id='line_1_13' title="bbox 272 1159 1800 1215; baseline 0 -15"><span class='ocrx_word' id='word_1_104' title='bbox 272 1161 512 1215; x_wconf 83' lang='lat' dir='ltr'>nonaginta</span> <span class='ocrx_word' id='word_1_105' title='bbox 546 1161 738 1201; x_wconf 87' lang='lat' dir='ltr'>versibus</span> <span class='ocrx_word' id='word_1_106' title='bbox 773 1161 845 1201; x_wconf 88' lang='lat' dir='ltr'>ubi</span> <span class='ocrx_word' id='word_1_107' title='bbox 878 1175 1010 1201; x_wconf 91' lang='lat' dir='ltr'>unum</span> <span class='ocrx_word' id='word_1_108' title='bbox 1051 1159 1265 1201; x_wconf 88' lang='lat' dir='ltr'>addideris</span> <span class='ocrx_word' id='word_1_109' title='bbox 1299 1175 1324 1200; x_wconf 90' lang='lat' dir='ltr'>a</span> <span class='ocrx_word' id='word_1_110' title='bbox 1357 1173 1508 1201; x_wconf 82' lang='lat' dir='ltr'>scenae</span> <span class='ocrx_word' id='word_1_111' title='bbox 1539 1159 1704 1213; x_wconf 86' lang='lat' dir='ltr'>primae</span> <span class='ocrx_word' id='word_1_112' title='bbox 1737 1161 1800 1200; x_wconf 88' lang='grc'>111-</span> 
     </span>
     <span class='ocr_line' id='line_1_14' title="bbox 273 1230 1799 1285; baseline -0.001 -13"><span class='ocrx_word' id='word_1_113' title='bbox 273 1231 521 1285; x_wconf 81' lang='lat' dir='ltr'>scriptione,</span> <span class='ocrx_word' id='word_1_114' title='bbox 560 1246 690 1273; x_wconf 91' lang='lat' dir='ltr'>unum</span> <span class='ocrx_word' id='word_1_115' title='bbox 729 1232 795 1272; x_wconf 85' lang='lat' dir='ltr'>vel</span> <span class='ocrx_word' id='word_1_116' title='bbox 834 1231 939 1273; x_wconf 90' lang='lat' dir='ltr'>duos</span> <span class='ocrx_word' id='word_1_117' title='bbox 980 1231 1032 1272; x_wconf 90' lang='lat' dir='ltr'>ab</span> <span class='ocrx_word' id='word_1_118' title='bbox 1072 1231 1352 1285; x_wconf 76' lang='lat' dir='ltr'>inscriptione</span> <span class='ocrx_word' id='word_1_119' title='bbox 1386 1231 1574 1285; x_wconf 77' lang='lat' dir='ltr'>prologi,</span> <span class='ocrx_word' id='word_1_120' title='bbox 1618 1230 1799 1272; x_wconf 84' lang='lat' dir='ltr'>habebis</span> 
     </span>
     <span class='ocr_line' id='line_1_15' title="bbox 270 1301 1798 1356; baseline 0 -14"><span class='ocrx_word' id='word_1_121' title='bbox 270 1308 369 1343; x_wconf 86' lang='lat' dir='ltr'>XCII</span> <span class='ocrx_word' id='word_1_122' title='bbox 409 1303 477 1343; x_wconf 87' lang='lat' dir='ltr'>vel</span> <span class='ocrx_word' id='word_1_123' title='bbox 510 1308 643 1343; x_wconf 82' lang='lat' dir='ltr'>XCIII:</span> <span class='ocrx_word' id='word_1_124' title='bbox 688 1305 735 1343; x_wconf 91' lang='lat' dir='ltr'>ut</span> <span class='ocrx_word' id='word_1_125' title='bbox 775 1301 920 1356; x_wconf 84' lang='lat' dir='ltr'>(modo</span> <span class='ocrx_word' id='word_1_126' title='bbox 962 1303 1091 1343; x_wconf 84' lang='lat' dir='ltr'>talem</span> <span class='ocrx_word' id='word_1_127' title='bbox 1135 1303 1179 1343; x_wconf 88' lang='lat' dir='ltr'>in</span> <span class='ocrx_word' id='word_1_128' title='bbox 1211 1302 1252 1343; x_wconf 89' lang='lat' dir='ltr'><strong><em>A</em></strong></span> <span class='ocrx_word' id='word_1_129' title='bbox 1283 1302 1438 1356; x_wconf 82' lang='lat' dir='ltr'>fuisse,</span> <span class='ocrx_word' id='word_1_130' title='bbox 1484 1302 1624 1356; x_wconf 83' lang='lat' dir='ltr'>qualis</span> <span class='ocrx_word' id='word_1_131' title='bbox 1658 1302 1798 1343; x_wconf 87' lang='lat' dir='ltr'>estin</span> 
     </span>
     <span class='ocr_line' id='line_1_16' title="bbox 270 1372 1799 1428; baseline 0 -14"><span class='ocrx_word' id='word_1_132' title='bbox 270 1373 500 1427; x_wconf 82' lang='lat' dir='ltr'>Palatinis,</span> <span class='ocrx_word' id='word_1_133' title='bbox 538 1374 767 1428; x_wconf 88' lang='lat' dir='ltr'>prologum</span> <span class='ocrx_word' id='word_1_134' title='bbox 806 1372 1056 1428; x_wconf 81' lang='lat' dir='ltr'>credideris)</span> <span class='ocrx_word' id='word_1_135' title='bbox 1099 1373 1152 1414; x_wconf 89' lang='lat' dir='ltr'>ad</span> <span class='ocrx_word' id='word_1_136' title='bbox 1184 1373 1356 1428; x_wconf 87' lang='lat' dir='ltr'>plenam</span> <span class='ocrx_word' id='word_1_137' title='bbox 1396 1373 1583 1428; x_wconf 87' lang='lat' dir='ltr'>quinque</span> <span class='ocrx_word' id='word_1_138' title='bbox 1624 1374 1799 1428; x_wconf 87' lang='lat' dir='ltr'>pagina-</span> 
     </span>
     <span class='ocr_line' id='line_1_17' title="bbox 270 1443 1798 1493; baseline 0.001 -9"><span class='ocrx_word' id='word_1_139' title='bbox 270 1460 364 1485; x_wconf 89' lang='lat' dir='ltr'>rum</span> <span class='ocrx_word' id='word_1_140' title='bbox 409 1459 652 1485; x_wconf 89' lang='lat' dir='ltr'>mensuram</span> <span class='ocrx_word' id='word_1_141' title='bbox 698 1445 780 1486; x_wconf 90' lang='lat' dir='ltr'>duo</span> <span class='ocrx_word' id='word_1_142' title='bbox 827 1444 895 1485; x_wconf 90' lang='lat' dir='ltr'>vel</span> <span class='ocrx_word' id='word_1_143' title='bbox 933 1449 1018 1485; x_wconf 91' lang='lat' dir='ltr'>tres</span> <span class='ocrx_word' id='word_1_144' title='bbox 1057 1459 1207 1485; x_wconf 83' lang='lat' dir='ltr'>versus</span> <span class='ocrx_word' id='word_1_145' title='bbox 1247 1443 1375 1485; x_wconf 86' lang='lat' dir='ltr'>hodie</span> <span class='ocrx_word' id='word_1_146' title='bbox 1419 1443 1570 1485; x_wconf 84' lang='lat' dir='ltr'>desint.</span> <span class='ocrx_word' id='word_1_147' title='bbox 1633 1443 1798 1493; x_wconf 76' lang='lat' dir='ltr'>Quibus</span> 
     </span>
     <span class='ocr_line' id='line_1_18' title="bbox 271 1515 1663 1570; baseline 0 -14"><span class='ocrx_word' id='word_1_148' title='bbox 271 1515 604 1557; x_wconf 85' lang='lat' dir='ltr'>commodiorem</span> <span class='ocrx_word' id='word_1_149' title='bbox 639 1530 766 1569; x_wconf 85' lang='lat' dir='ltr'>quam</span> <span class='ocrx_word' id='word_1_150' title='bbox 799 1518 898 1570; x_wconf 90' lang='lat' dir='ltr'>post</span> <span class='ocrx_word' id='word_1_151' title='bbox 930 1530 967 1556; x_wconf 87' lang='lat' dir='ltr'>V.</span> <span class='ocrx_word' id='word_1_152' title='bbox 1003 1515 1055 1556; x_wconf 74' lang='lat'>78</span> <span class='ocrx_word' id='word_1_153' title='bbox 1090 1515 1231 1557; x_wconf 88' lang='lat' dir='ltr'>locum</span> <span class='ocrx_word' id='word_1_154' title='bbox 1251 1516 1336 1556; x_wconf 44' lang='lat' dir='ltr'>‘vix</span> <span class='ocrx_word' id='word_1_155' title='bbox 1369 1515 1663 1570; x_wconf 65' lang='lat' dir='ltr'>excogitabis?</span> 
     </span>
     <span class='ocr_line' id='line_1_19' title="bbox 389 1586 1797 1642; baseline 0.001 -15"><span class='ocrx_word' id='word_1_156' title='bbox 389 1586 571 1627; x_wconf 73' lang='lat' dir='ltr'>eVnum</span> <span class='ocrx_word' id='word_1_157' title='bbox 598 1589 740 1628; x_wconf 92' lang='lat' dir='ltr'>autem</span> <span class='ocrx_word' id='word_1_158' title='bbox 770 1601 985 1640; x_wconf 86' lang='lat' dir='ltr'>versum,</span> <span class='ocrx_word' id='word_1_159' title='bbox 1019 1601 1105 1628; x_wconf 91' lang='lat' dir='ltr'>non</span> <span class='ocrx_word' id='word_1_160' title='bbox 1133 1586 1276 1640; x_wconf 87' lang='lat' dir='ltr'>duos,</span> <span class='ocrx_word' id='word_1_161' title='bbox 1307 1587 1472 1642; x_wconf 89' lang='lat' dir='ltr'>primae</span> <span class='ocrx_word' id='word_1_162' title='bbox 1500 1601 1688 1629; x_wconf 88' lang='lat' dir='ltr'>scenae</span> <span class='ocrx_word' id='word_1_163' title='bbox 1721 1587 1797 1629; x_wconf 91' lang='lat' dir='ltr'>in-</span> 
     </span>
     <span class='ocr_line' id='line_1_20' title="bbox 272 1656 1797 1713; baseline 0.001 -14"><span class='ocrx_word' id='word_1_164' title='bbox 272 1658 550 1713; x_wconf 88' lang='lat' dir='ltr'>scriptioni</span> <span class='ocrx_word' id='word_1_165' title='bbox 599 1656 832 1713; x_wconf 66' lang='lat' dir='ltr'>tribui**),</span> <span class='ocrx_word' id='word_1_166' title='bbox 885 1657 998 1712; x_wconf 88' lang='lat' dir='ltr'>quod</span> <span class='ocrx_word' id='word_1_167' title='bbox 1043 1659 1088 1699; x_wconf 88' lang='lat' dir='ltr'>in</span> <span class='ocrx_word' id='word_1_168' title='bbox 1131 1657 1425 1700; x_wconf 88' lang='lat' dir='ltr'>Menaechmis</span> <span class='ocrx_word' id='word_1_169' title='bbox 1471 1658 1641 1712; x_wconf 87' lang='lat' dir='ltr'>quidem</span> <span class='ocrx_word' id='word_1_170' title='bbox 1685 1658 1797 1700; x_wconf 89' lang='lat' dir='ltr'>hanc</span> 
     </span>
     <span class='ocr_line' id='line_1_21' title="bbox 269 1728 1797 1782; baseline 0.001 -13"><span class='ocrx_word' id='word_1_171' title='bbox 269 1729 406 1782; x_wconf 85' lang='lat' dir='ltr'>ipsam</span> <span class='ocrx_word' id='word_1_172' title='bbox 458 1729 670 1771; x_wconf 86' lang='lat' dir='ltr'>rationem</span> <span class='ocrx_word' id='word_1_173' title='bbox 721 1731 991 1770; x_wconf 85' lang='lat' dir='ltr'>constantem</span> <span class='ocrx_word' id='word_1_174' title='bbox 1040 1728 1174 1770; x_wconf 85' lang='lat' dir='ltr'>fuisse</span> <span class='ocrx_word' id='word_1_175' title='bbox 1224 1729 1268 1770; x_wconf 88' lang='grc'>111</span> <span class='ocrx_word' id='word_1_176' title='bbox 1313 1729 1603 1771; x_wconf 87' lang='lat' dir='ltr'>Ambrosiano</span> <span class='ocrx_word' id='word_1_177' title='bbox 1654 1730 1797 1772; x_wconf 88' lang='lat' dir='ltr'>codice</span> 
     </span>
     <span class='ocr_line' id='line_1_22' title="bbox 269 1800 1795 1855; baseline 0.002 -15"><span class='ocrx_word' id='word_1_178' title='bbox 269 1800 397 1840; x_wconf 89' lang='lat' dir='ltr'>fidem</span> <span class='ocrx_word' id='word_1_179' title='bbox 430 1800 594 1841; x_wconf 85' lang='lat' dir='ltr'>faciunt</span> <span class='ocrx_word' id='word_1_180' title='bbox 627 1800 822 1854; x_wconf 88' lang='lat' dir='ltr'>exempla</span> <span class='ocrx_word' id='word_1_181' title='bbox 855 1815 1000 1841; x_wconf 87' lang='lat' dir='ltr'>earum</span> <span class='ocrx_word' id='word_1_182' title='bbox 1034 1814 1259 1841; x_wconf 86' lang='lat' dir='ltr'>scenarum</span> <span class='ocrx_word' id='word_1_183' title='bbox 1292 1801 1505 1854; x_wconf 86' lang='lat' dir='ltr'>omnium,</span> <span class='ocrx_word' id='word_1_184' title='bbox 1538 1815 1718 1855; x_wconf 86' lang='lat' dir='ltr'>quarum</span> <span class='ocrx_word' id='word_1_185' title='bbox 1752 1801 1795 1843; x_wconf 90' lang='lat' dir='ltr'>in</span> 
     </span>
     <span class='ocr_line' id='line_1_23' title="bbox 269 1868 1796 1925; baseline 0.002 -14"><span class='ocrx_word' id='word_1_186' title='bbox 269 1871 344 1911; x_wconf 91' lang='lat' dir='ltr'>illo</span> <span class='ocrx_word' id='word_1_187' title='bbox 370 1871 495 1912; x_wconf 88' lang='lat' dir='ltr'>initia</span> <span class='ocrx_word' id='word_1_188' title='bbox 522 1868 873 1925; x_wconf 53' lang='lat' dir='ltr'>supersunt***):</span> <span class='ocrx_word' id='word_1_189' title='bbox 907 1885 1013 1925; x_wconf 86' lang='lat' dir='ltr'>quae</span> <span class='ocrx_word' id='word_1_190' title='bbox 1042 1874 1142 1912; x_wconf 89' lang='lat' dir='ltr'>sunt</span> <span class='ocrx_word' id='word_1_191' title='bbox 1173 1885 1195 1912; x_wconf 91' lang='lat' dir='ltr'>e</span> <span class='ocrx_word' id='word_1_192' title='bbox 1221 1872 1436 1913; x_wconf 86' lang='lat' dir='ltr'>tralaticia</span> <span class='ocrx_word' id='word_1_193' title='bbox 1468 1886 1693 1914; x_wconf 85' lang='lat' dir='ltr'>scenarum</span> <span class='ocrx_word' id='word_1_194' title='bbox 1727 1872 1796 1914; x_wconf 42' lang='lat' dir='ltr'>de,</span> 
     </span>
     <span class='ocr_line' id='line_1_24' title="bbox 271 1940 1794 1996; baseline 0.002 -15"><span class='ocrx_word' id='word_1_195' title='bbox 271 1941 503 1995; x_wconf 85' lang='lat' dir='ltr'>scriptione</span> <span class='ocrx_word' id='word_1_196' title='bbox 536 1941 567 1991; x_wconf 88' lang='lat' dir='ltr'>I,</span> <span class='ocrx_word' id='word_1_197' title='bbox 592 1942 633 1982; x_wconf 83' lang='lat'>4.</span> <span class='ocrx_word' id='word_1_198' title='bbox 664 1941 719 1995; x_wconf 84' lang='lat' dir='ltr'>II,</span> <span class='ocrx_word' id='word_1_199' title='bbox 750 1944 783 1982; x_wconf 92' lang='lat'>1.</span> <span class='ocrx_word' id='word_1_200' title='bbox 816 1941 870 1995; x_wconf 82' lang='lat' dir='ltr'>II,</span> <span class='ocrx_word' id='word_1_201' title='bbox 898 1942 936 1981; x_wconf 77' lang='lat'>2.</span> <span class='ocrx_word' id='word_1_202' title='bbox 968 1940 1043 1996; x_wconf 85' lang='lat' dir='ltr'>IV,</span> <span class='ocrx_word' id='word_1_203' title='bbox 1070 1940 1165 1996; x_wconf 76' lang='lat'>2†)‚</span> <span class='ocrx_word' id='word_1_204' title='bbox 1199 1946 1241 1982; x_wconf 90' lang='lat' dir='ltr'>et</span> <span class='ocrx_word' id='word_1_205' title='bbox 1267 1945 1315 1983; x_wconf 91' lang='lat' dir='ltr'>ut</span> <span class='ocrx_word' id='word_1_206' title='bbox 1341 1943 1517 1983; x_wconf 83' lang='lat' dir='ltr'>calculis</span> <span class='ocrx_word' id='word_1_207' title='bbox 1550 1945 1663 1984; x_wconf 87' lang='lat' dir='ltr'>recte</span> <span class='ocrx_word' id='word_1_208' title='bbox 1697 1944 1794 1984; x_wconf 88' lang='lat' dir='ltr'>sub-</span> 
     </span>
    </p>
   </div>
   <div class='ocr_carea' id='block_1_3' title="bbox 270 2010 1795 2139">
    <p class='ocr_par' dir='ltr' id='par_1_3' title="bbox 270 2010 1795 2139">
     <span class='ocr_line' id='line_1_25' title="bbox 271 2010 1795 2068; baseline 0.002 -16"><span class='ocrx_word' id='word_1_209' title='bbox 271 2011 409 2052; x_wconf 88' lang='lat' dir='ltr'>ductis</span> <span class='ocrx_word' id='word_1_210' title='bbox 444 2012 627 2052; x_wconf 86' lang='lat' dir='ltr'>efficitur</span> <span class='ocrx_word' id='word_1_211' title='bbox 652 2012 729 2066; x_wconf 81' lang='lat' dir='ltr'>III,</span> <span class='ocrx_word' id='word_1_212' title='bbox 755 2012 781 2052; x_wconf 77' lang='lat'>2</span> <span class='ocrx_word' id='word_1_213' title='bbox 809 2010 969 2067; x_wconf 90' lang='lat' dir='ltr'>(quode</span> <span class='ocrx_word' id='word_1_214' title='bbox 995 2012 1076 2053; x_wconf 84' lang='lat' dir='ltr'>vid.</span> <span class='ocrx_word' id='word_1_215' title='bbox 1106 2014 1249 2053; x_wconf 91' lang='lat' dir='ltr'>annot.</span> <span class='ocrx_word' id='word_1_216' title='bbox 1285 2028 1320 2054; x_wconf 85' lang='lat' dir='ltr'>v.</span> <span class='ocrx_word' id='word_1_217' title='bbox 1346 2013 1451 2068; x_wconf 75' lang='lat'>466)</span> <span class='ocrx_word' id='word_1_218' title='bbox 1487 2016 1614 2068; x_wconf 89' lang='lat' dir='ltr'>atque</span> <span class='ocrx_word' id='word_1_219' title='bbox 1640 2013 1717 2067; x_wconf 81' lang='lat' dir='ltr'>III,</span> <span class='ocrx_word' id='word_1_220' title='bbox 1750 2015 1795 2055; x_wconf 80' lang='lat'>3:</span> 
     </span>
     <span class='ocr_line' id='line_1_26' title="bbox 270 2083 1795 2139; baseline 0.002 -16"><span class='ocrx_word' id='word_1_221' title='bbox 270 2097 368 2123; x_wconf 90' lang='lat' dir='ltr'>nam</span> <span class='ocrx_word' id='word_1_222' title='bbox 395 2083 444 2124; x_wconf 90' lang='lat' dir='ltr'>de</span> <span class='ocrx_word' id='word_1_223' title='bbox 472 2083 504 2137; x_wconf 84' lang='lat' dir='ltr'>I,</span> <span class='ocrx_word' id='word_1_224' title='bbox 531 2084 556 2124; x_wconf 77' lang='lat'><strong>3</strong></span> <span class='ocrx_word' id='word_1_225' title='bbox 585 2086 627 2124; x_wconf 93' lang='lat' dir='ltr'>et</span> <span class='ocrx_word' id='word_1_226' title='bbox 646 2083 721 2137; x_wconf 85' lang='lat' dir='ltr'>IV,</span> <span class='ocrx_word' id='word_1_227' title='bbox 750 2085 771 2125; x_wconf 92' lang='lat'>1</span> <span class='ocrx_word' id='word_1_228' title='bbox 806 2097 892 2124; x_wconf 88' lang='lat' dir='ltr'>non</span> <span class='ocrx_word' id='word_1_229' title='bbox 924 2083 1026 2124; x_wconf 90' lang='lat' dir='ltr'>licet</span> <span class='ocrx_word' id='word_1_230' title='bbox 1051 2083 1278 2137; x_wconf 88' lang='lat' dir='ltr'>quicquam</span> <span class='ocrx_word' id='word_1_231' title='bbox 1312 2084 1590 2139; x_wconf 83' lang='lat' dir='ltr'>definire††).</span> <span class='ocrx_word' id='word_1_232' title='bbox 1635 2084 1795 2134; x_wconf 81' lang='lat' dir='ltr'>Quodsi</span> 
     </span>
    </p>
   </div>
   <div class='ocr_carea' id='block_1_4' title="bbox 1072 2279 1309 2282">
    <p class='ocr_par' dir='ltr' id='par_1_4' title="bbox 1072 2279 1309 2282">
     <span class='ocr_line' id='line_1_27' title="bbox 1072 2279 1309 2282; baseline 0 0"><span class='ocrx_word' id='word_1_233' title='bbox 1072 2279 1309 2282; x_wconf 95' lang='lat' dir='ltr'> </span> 
     </span>
    </p>
   </div>
   <div class='ocr_carea' id='block_1_5' title="bbox 267 2258 1794 3047">
    <p class='ocr_par' dir='ltr' id='par_1_5' title="bbox 267 2258 1794 2560">
     <span class='ocr_line' id='line_1_28' title="bbox 387 2258 1794 2307; baseline 0.002 -14"><span class='ocrx_word' id='word_1_234' title='bbox 387 2259 420 2303; x_wconf 58' lang='lat'>³³)</span> <span class='ocrx_word' id='word_1_235' title='bbox 447 2259 538 2293; x_wconf 87' lang='lat' dir='ltr'>Mihi</span> <span class='ocrx_word' id='word_1_236' title='bbox 557 2259 594 2292; x_wconf 88' lang='grc'>111</span> <span class='ocrx_word' id='word_1_237' title='bbox 616 2270 723 2293; x_wconf 85' lang='lat' dir='ltr'>versu</span> <span class='ocrx_word' id='word_1_238' title='bbox 745 2263 788 2293; x_wconf 88' lang='lat'>14</span> <span class='ocrx_word' id='word_1_239' title='bbox 809 2258 984 2303; x_wconf 82' lang='lat' dir='ltr'>apparuit</span> <span class='ocrx_word' id='word_1_240' title='bbox 1004 2269 1064 2292; x_wconf 30' lang='grc' dir='ltr'>ΤΛ</span> <span class='ocrx_word' id='word_1_241' title='bbox 1315 2270 1395 2303; x_wconf 83' lang='lat' dir='ltr'>UTI,</span> <span class='ocrx_word' id='word_1_242' title='bbox 1423 2272 1497 2304; x_wconf 88' lang='lat' dir='ltr'>quo</span> <span class='ocrx_word' id='word_1_243' title='bbox 1524 2261 1670 2296; x_wconf 85' lang='lat' dir='ltr'>accedit</span> <span class='ocrx_word' id='word_1_244' title='bbox 1694 2262 1794 2307; x_wconf 83' lang='lat' dir='ltr'>frag-</span> 
     </span>
     <span class='ocr_line' id='line_1_29' title="bbox 269 2312 1794 2356; baseline 0.001 -10"><span class='ocrx_word' id='word_1_245' title='bbox 269 2315 434 2346; x_wconf 86' lang='lat' dir='ltr'>mentum</span> <span class='ocrx_word' id='word_1_246' title='bbox 468 2312 539 2346; x_wconf 87' lang='lat' dir='ltr'>huc</span> <span class='ocrx_word' id='word_1_247' title='bbox 571 2312 759 2356; x_wconf 83' lang='lat' dir='ltr'>pertinens</span> <span class='ocrx_word' id='word_1_248' title='bbox 787 2314 825 2346; x_wconf 88' lang='lat' dir='ltr'>et</span> <span class='ocrx_word' id='word_1_249' title='bbox 859 2312 964 2346; x_wconf 87' lang='lat' dir='ltr'>illam</span> <span class='ocrx_word' id='word_1_250' title='bbox 997 2312 1190 2347; x_wconf 88' lang='lat' dir='ltr'>continens</span> <span class='ocrx_word' id='word_1_251' title='bbox 1223 2313 1386 2347; x_wconf 83' lang='lat' dir='ltr'>litteram</span> <span class='ocrx_word' id='word_1_252' title='bbox 1422 2324 1533 2356; x_wconf 89' lang='lat' dir='ltr'>quam</span> <span class='ocrx_word' id='word_1_253' title='bbox 1567 2313 1794 2348; x_wconf 86' lang='lat' dir='ltr'>Ritschelius</span> 
     </span>
     <span class='ocr_line' id='line_1_30' title="bbox 268 2365 1793 2410; baseline 0.002 -12"><span class='ocrx_word' id='word_1_254' title='bbox 268 2366 327 2399; x_wconf 87' lang='lat' dir='ltr'>hic</span> <span class='ocrx_word' id='word_1_255' title='bbox 353 2375 379 2399; x_wconf 78' lang='lat' dir='ltr'>A</span> <span class='ocrx_word' id='word_1_256' title='bbox 406 2365 572 2408; x_wconf 81' lang='lat' dir='ltr'>notavit⁷</span> <span class='ocrx_word' id='word_1_257' title='bbox 601 2377 684 2399; x_wconf 88' lang='grc'>011111</span> <span class='ocrx_word' id='word_1_258' title='bbox 716 2366 754 2399; x_wconf 84' lang='grc'>111</span> <span class='ocrx_word' id='word_1_259' title='bbox 780 2365 951 2410; x_wconf 73' lang='lat' dir='ltr'>parergis</span> <span class='ocrx_word' id='word_1_260' title='bbox 985 2365 1126 2400; x_wconf 88' lang='lat' dir='ltr'>diceret</span> <span class='ocrx_word' id='word_1_261' title='bbox 1162 2366 1235 2400; x_wconf 75' lang='lat' dir='ltr'>‘ein</span> <span class='ocrx_word' id='word_1_262' title='bbox 1261 2375 1288 2400; x_wconf 81' lang='lat' dir='ltr'>A</span> <span class='ocrx_word' id='word_1_263' title='bbox 1314 2367 1399 2401; x_wconf 81' lang='lat' dir='ltr'>oder</span> <span class='ocrx_word' id='word_1_264' title='bbox 1434 2367 1555 2401; x_wconf 77' lang='lat' dir='ltr'>halbes</span> <span class='ocrx_word' id='word_1_265' title='bbox 1580 2367 1648 2403; x_wconf 84' lang='lat' dir='ltr'>M’.</span> <span class='ocrx_word' id='word_1_266' title='bbox 1699 2367 1793 2401; x_wconf 88' lang='lat' dir='ltr'>Mihi</span> 
     </span>
     <span class='ocr_line' id='line_1_31' title="bbox 268 2418 1794 2463; baseline 0 -10"><span class='ocrx_word' id='word_1_267' title='bbox 268 2421 446 2463; x_wconf 84' lang='lat' dir='ltr'>punctum</span> <span class='ocrx_word' id='word_1_268' title='bbox 473 2430 556 2452; x_wconf 78' lang='lat' dir='ltr'>cuni</span> <span class='ocrx_word' id='word_1_269' title='bbox 583 2419 688 2453; x_wconf 87' lang='lat' dir='ltr'>initio</span> <span class='ocrx_word' id='word_1_270' title='bbox 710 2428 740 2452; x_wconf 84' lang='lat' dir='ltr'><strong>M</strong></span> <span class='ocrx_word' id='word_1_271' title='bbox 762 2419 909 2453; x_wconf 79' lang='lat' dir='ltr'>litterae</span> <span class='ocrx_word' id='word_1_272' title='bbox 937 2418 1055 2454; x_wconf 86' lang='lat' dir='ltr'>inesse</span> <span class='ocrx_word' id='word_1_273' title='bbox 1084 2419 1205 2453; x_wconf 87' lang='lat' dir='ltr'>visum</span> <span class='ocrx_word' id='word_1_274' title='bbox 1231 2420 1299 2453; x_wconf 91' lang='lat' dir='ltr'>est.</span> <span class='ocrx_word' id='word_1_275' title='bbox 1352 2419 1469 2453; x_wconf 84' lang='lat' dir='ltr'>Versu</span> <span class='ocrx_word' id='word_1_276' title='bbox 1496 2421 1621 2454; x_wconf 87' lang='lat' dir='ltr'>autem</span> <span class='ocrx_word' id='word_1_277' title='bbox 1651 2424 1693 2455; x_wconf 87' lang='lat'>16</span> <span class='ocrx_word' id='word_1_278' title='bbox 1720 2431 1794 2455; x_wconf 90' lang='lat' dir='ltr'>non</span> 
     </span>
     <span class='ocr_line' id='line_1_32' title="bbox 269 2472 1792 2517; baseline 0.001 -12"><span class='ocrx_word' id='word_1_279' title='bbox 269 2473 377 2506; x_wconf 88' lang='lat' dir='ltr'>modo</span> <span class='ocrx_word' id='word_1_280' title='bbox 403 2481 649 2505; x_wconf 53' lang='lat' dir='ltr'><strong>MJQNAECKMI</strong></span> <span class='ocrx_word' id='word_1_281' title='bbox 681 2472 789 2516; x_wconf 85' lang='lat' dir='ltr'>plene</span> <span class='ocrx_word' id='word_1_282' title='bbox 823 2472 1014 2516; x_wconf 85' lang='lat' dir='ltr'>apparuit,</span> <span class='ocrx_word' id='word_1_283' title='bbox 1047 2472 1112 2507; x_wconf 88' lang='lat' dir='ltr'>sed</span> <span class='ocrx_word' id='word_1_284' title='bbox 1148 2473 1261 2507; x_wconf 85' lang='lat' dir='ltr'>etiam</span> <span class='ocrx_word' id='word_1_285' title='bbox 1297 2472 1432 2517; x_wconf 83' lang='lat' dir='ltr'>(minus</span> <span class='ocrx_word' id='word_1_286' title='bbox 1460 2474 1615 2517; x_wconf 87' lang='lat' dir='ltr'>certum)</span> <span class='ocrx_word' id='word_1_287' title='bbox 1642 2482 1792 2508; x_wconf 74' lang='lat' dir='ltr'>INCIPIT</span> 
     </span>
     <span class='ocr_line' id='line_1_33' title="bbox 267 2525 1113 2560; baseline 0.001 -2"><span class='ocrx_word' id='word_1_288' title='bbox 267 2527 354 2559; x_wconf 84' lang='lat' dir='ltr'>ante</span> <span class='ocrx_word' id='word_1_289' title='bbox 379 2535 534 2559; x_wconf 77' lang='lat' dir='ltr'>TRINUM</span> <span class='ocrx_word' id='word_1_290' title='bbox 563 2528 600 2559; x_wconf 82' lang='lat' dir='ltr'>et</span> <span class='ocrx_word' id='word_1_291' title='bbox 625 2525 661 2559; x_wconf 88' lang='lat' dir='ltr'>in</span> <span class='ocrx_word' id='word_1_292' title='bbox 688 2525 811 2559; x_wconf 88' lang='lat' dir='ltr'>medio</span> <span class='ocrx_word' id='word_1_293' title='bbox 837 2525 996 2560; x_wconf 83' lang='lat' dir='ltr'>fortasse</span> <span class='ocrx_word' id='word_1_294' title='bbox 1024 2535 1113 2560; x_wconf 86' lang='lat' dir='ltr'>EXP.</span> 
     </span>
    </p>

    <p class='ocr_par' dir='ltr' id='par_1_6' title="bbox 267 2577 1792 2783">
     <span class='ocr_line' id='line_1_34' title="bbox 386 2577 1792 2624; baseline 0.001 -12"><span class='ocrx_word' id='word_1_295' title='bbox 386 2578 442 2622; x_wconf 48' lang='lat'>²³²³)</span> <span class='ocrx_word' id='word_1_296' title='bbox 470 2580 518 2612; x_wconf 92' lang='lat' dir='ltr'>At</span> <span class='ocrx_word' id='word_1_297' title='bbox 542 2579 665 2621; x_wconf 90' lang='lat' dir='ltr'>ipsum</span> <span class='ocrx_word' id='word_1_298' title='bbox 693 2577 842 2612; x_wconf 85' lang='lat' dir='ltr'>initium</span> <span class='ocrx_word' id='word_1_299' title='bbox 870 2578 1020 2613; x_wconf 80' lang='lat' dir='ltr'>fabulae</span> <span class='ocrx_word' id='word_1_300' title='bbox 1046 2589 1177 2612; x_wconf 82' lang='lat' dir='ltr'>revera</span> <span class='ocrx_word' id='word_1_301' title='bbox 1196 2578 1339 2613; x_wconf 85' lang='lat' dir='ltr'>duobus</span> <span class='ocrx_word' id='word_1_302' title='bbox 1366 2579 1533 2614; x_wconf 84' lang='lat' dir='ltr'>versibus</span> <span class='ocrx_word' id='word_1_303' title='bbox 1559 2579 1792 2624; x_wconf 77' lang='lat' dir='ltr'>inscriptioni</span> 
     </span>
     <span class='ocr_line' id='line_1_35' title="bbox 268 2631 1791 2675; baseline 0.001 -11"><span class='ocrx_word' id='word_1_304' title='bbox 268 2632 406 2666; x_wconf 83' lang='lat' dir='ltr'>relictis</span> <span class='ocrx_word' id='word_1_305' title='bbox 434 2632 650 2666; x_wconf 85' lang='lat' dir='ltr'>distinctum</span> <span class='ocrx_word' id='word_1_306' title='bbox 677 2642 756 2665; x_wconf 79' lang='lat' dir='ltr'>esse</span> <span class='ocrx_word' id='word_1_307' title='bbox 784 2631 952 2666; x_wconf 87' lang='lat' dir='ltr'>Loewius</span> <span class='ocrx_word' id='word_1_308' title='bbox 980 2631 1075 2665; x_wconf 87' lang='lat' dir='ltr'>vidit</span> <span class='ocrx_word' id='word_1_309' title='bbox 1106 2632 1271 2675; x_wconf 86' lang='lat' dir='ltr'>itemque</span> <span class='ocrx_word' id='word_1_310' title='bbox 1304 2633 1399 2668; x_wconf 85' lang='lat' dir='ltr'>inter</span> <span class='ocrx_word' id='word_1_311' title='bbox 1431 2644 1464 2669; x_wconf 78' lang='lat' dir='ltr'>v,</span> <span class='ocrx_word' id='word_1_312' title='bbox 1493 2637 1535 2668; x_wconf 79' lang='lat'>78</span> <span class='ocrx_word' id='word_1_313' title='bbox 1563 2636 1601 2667; x_wconf 82' lang='lat' dir='ltr'>et</span> <span class='ocrx_word' id='word_1_314' title='bbox 1628 2637 1670 2668; x_wconf 83' lang='lat'>79</span> <span class='ocrx_word' id='word_1_315' title='bbox 1697 2633 1791 2667; x_wconf 85' lang='lat' dir='ltr'>nihil</span> 
     </span>
     <span class='ocr_line' id='line_1_36' title="bbox 267 2684 1790 2730; baseline 0.001 -12"><span class='ocrx_word' id='word_1_316' title='bbox 267 2685 519 2719; x_wconf 83' lang='lat' dir='ltr'>intercessisse</span> <span class='ocrx_word' id='word_1_317' title='bbox 558 2684 596 2718; x_wconf 89' lang='lat' dir='ltr'>in</span> <span class='ocrx_word' id='word_1_318' title='bbox 631 2684 687 2727; x_wconf 78' lang='lat' dir='ltr'>A,</span> <span class='ocrx_word' id='word_1_319' title='bbox 722 2695 805 2718; x_wconf 88' lang='lat' dir='ltr'>cum</span> <span class='ocrx_word' id='word_1_320' title='bbox 841 2684 877 2718; x_wconf 86' lang='lat' dir='ltr'>in</span> <span class='ocrx_word' id='word_1_321' title='bbox 911 2686 982 2718; x_wconf 83' lang='lat' dir='ltr'>fine</span> <span class='ocrx_word' id='word_1_322' title='bbox 1017 2685 1165 2730; x_wconf 83' lang='lat' dir='ltr'>prologi</span> <span class='ocrx_word' id='word_1_323' title='bbox 1196 2686 1321 2730; x_wconf 88' lang='lat' dir='ltr'>potius</span> <span class='ocrx_word' id='word_1_324' title='bbox 1354 2697 1447 2719; x_wconf 88' lang='lat' dir='ltr'>unus</span> <span class='ocrx_word' id='word_1_325' title='bbox 1473 2685 1628 2720; x_wconf 82' lang='lat' dir='ltr'>accedat</span> <span class='ocrx_word' id='word_1_326' title='bbox 1654 2697 1790 2720; x_wconf 86' lang='lat' dir='ltr'>versus.</span> 
     </span>
     <span class='ocr_line' id='line_1_37' title="bbox 268 2736 1652 2783; baseline 0.001 -12"><span class='ocrx_word' id='word_1_327' title='bbox 268 2738 395 2781; x_wconf 79' lang='lat' dir='ltr'>ltaque</span> <span class='ocrx_word' id='word_1_328' title='bbox 422 2737 515 2771; x_wconf 89' lang='lat' dir='ltr'>nihil</span> <span class='ocrx_word' id='word_1_329' title='bbox 541 2736 592 2771; x_wconf 88' lang='lat' dir='ltr'>sic</span> <span class='ocrx_word' id='word_1_330' title='bbox 619 2737 724 2772; x_wconf 90' lang='lat' dir='ltr'>deest</span> <span class='ocrx_word' id='word_1_331' title='bbox 749 2737 795 2771; x_wconf 82' lang='lat' dir='ltr'>ad</span> <span class='ocrx_word' id='word_1_332' title='bbox 822 2738 970 2782; x_wconf 83' lang='lat' dir='ltr'>plenam</span> <span class='ocrx_word' id='word_1_333' title='bbox 997 2738 1159 2781; x_wconf 87' lang='lat' dir='ltr'>quinque</span> <span class='ocrx_word' id='word_1_334' title='bbox 1185 2739 1407 2783; x_wconf 87' lang='lat' dir='ltr'>paginarum</span> <span class='ocrx_word' id='word_1_335' title='bbox 1431 2749 1652 2773; x_wconf 85' lang='lat' dir='ltr'>mensuram.</span> 
     </span>
    </p>

    <p class='ocr_par' dir='ltr' id='par_1_7' title="bbox 268 2789 1791 2942">
     <span class='ocr_line' id='line_1_38' title="bbox 386 2789 1791 2836; baseline 0.001 -12"><span class='ocrx_word' id='word_1_336' title='bbox 386 2790 463 2834; x_wconf 49' lang='lat' dir='ltr'>Wss)</span> <span class='ocrx_word' id='word_1_337' title='bbox 491 2789 682 2834; x_wconf 83' lang='lat' dir='ltr'>Excipitur</span> <span class='ocrx_word' id='word_1_338' title='bbox 715 2791 727 2823; x_wconf 95' lang='lat' dir='ltr'>I</span> <span class='ocrx_word' id='word_1_339' title='bbox 762 2793 799 2833; x_wconf 83' lang='lat'>2,</span> <span class='ocrx_word' id='word_1_340' title='bbox 838 2790 901 2824; x_wconf 87' lang='lat' dir='ltr'>ubi</span> <span class='ocrx_word' id='word_1_341' title='bbox 940 2801 1047 2824; x_wconf 86' lang='lat' dir='ltr'>versu</span> <span class='ocrx_word' id='word_1_342' title='bbox 1088 2791 1189 2825; x_wconf 88' lang='lat' dir='ltr'>nullo</span> <span class='ocrx_word' id='word_1_343' title='bbox 1227 2803 1344 2827; x_wconf 80' lang='lat' dir='ltr'>vacuo</span> <span class='ocrx_word' id='word_1_344' title='bbox 1379 2791 1658 2836; x_wconf 88' lang='lat' dir='ltr'>inscriptionem</span> <span class='ocrx_word' id='word_1_345' title='bbox 1693 2792 1791 2826; x_wconf 84' lang='lat' dir='ltr'>inter</span> 
     </span>
     <span class='ocr_line' id='line_1_39' title="bbox 268 2844 1788 2889; baseline 0.002 -13"><span class='ocrx_word' id='word_1_346' title='bbox 268 2856 297 2876; x_wconf 86' lang='lat' dir='ltr'>v.</span> <span class='ocrx_word' id='word_1_347' title='bbox 330 2847 371 2877; x_wconf 72' lang='lat'>18</span> <span class='ocrx_word' id='word_1_348' title='bbox 399 2846 436 2878; x_wconf 87' lang='lat' dir='ltr'>et</span> <span class='ocrx_word' id='word_1_349' title='bbox 463 2848 505 2877; x_wconf 89' lang='grc'>19</span> <span class='ocrx_word' id='word_1_350' title='bbox 533 2845 627 2888; x_wconf 85' lang='grc'>(109.</span> <span class='ocrx_word' id='word_1_351' title='bbox 658 2847 737 2887; x_wconf 89' lang='grc'>110)</span> <span class='ocrx_word' id='word_1_352' title='bbox 764 2844 987 2877; x_wconf 84' lang='lat' dir='ltr'>inculcatam</span> <span class='ocrx_word' id='word_1_353' title='bbox 1022 2855 1100 2878; x_wconf 86' lang='lat' dir='ltr'>esse</span> <span class='ocrx_word' id='word_1_354' title='bbox 1133 2844 1268 2879; x_wconf 81' lang='lat' dir='ltr'>litteris</span> <span class='ocrx_word' id='word_1_355' title='bbox 1294 2844 1499 2879; x_wconf 85' lang='lat' dir='ltr'>minoribus</span> <span class='ocrx_word' id='word_1_356' title='bbox 1524 2845 1598 2879; x_wconf 88' lang='lat' dir='ltr'>iam</span> <span class='ocrx_word' id='word_1_357' title='bbox 1627 2844 1788 2889; x_wconf 79' lang='lat' dir='ltr'>Gepper-</span> 
     </span>
     <span class='ocr_line' id='line_1_40' title="bbox 268 2896 1515 2942; baseline 0.002 -13"><span class='ocrx_word' id='word_1_358' title='bbox 268 2900 325 2929; x_wconf 71' lang='lat' dir='ltr'>iiis</span> <span class='ocrx_word' id='word_1_359' title='bbox 354 2898 447 2931; x_wconf 85' lang='lat' dir='ltr'>vidit</span> <span class='ocrx_word' id='word_1_360' title='bbox 472 2898 508 2931; x_wconf 87' lang='lat' dir='ltr'>in</span> <span class='ocrx_word' id='word_1_361' title='bbox 535 2898 618 2941; x_wconf 83' lang='lat' dir='ltr'>ipsa</span> <span class='ocrx_word' id='word_1_362' title='bbox 645 2908 731 2931; x_wconf 81' lang='lat' dir='ltr'>sane</span> <span class='ocrx_word' id='word_1_363' title='bbox 758 2896 914 2931; x_wconf 87' lang='lat' dir='ltr'>lectione</span> <span class='ocrx_word' id='word_1_364' title='bbox 941 2897 1133 2941; x_wconf 79' lang='lat' dir='ltr'>paululum</span> <span class='ocrx_word' id='word_1_365' title='bbox 1161 2909 1182 2931; x_wconf 80' lang='lat' dir='ltr'>a</span> <span class='ocrx_word' id='word_1_366' title='bbox 1207 2910 1265 2931; x_wconf 89' lang='lat' dir='ltr'>me</span> <span class='ocrx_word' id='word_1_367' title='bbox 1292 2898 1515 2942; x_wconf 80' lang='lat' dir='ltr'>discrepans.</span> 
     </span>
    </p>

    <p class='ocr_par' dir='ltr' id='par_1_8' title="bbox 385 2950 1739 2995">
     <span class='ocr_line' id='line_1_41' title="bbox 385 2950 1739 2995; baseline 0.002 -12"><span class='ocrx_word' id='word_1_368' title='bbox 385 2951 422 2991; x_wconf 76' lang='grc' dir='ltr'>·ἰ·)</span> <span class='ocrx_word' id='word_1_369' title='bbox 449 2950 641 2984; x_wconf 80' lang='lat' dir='ltr'>Accedunt</span> <span class='ocrx_word' id='word_1_370' title='bbox 666 2950 739 2984; x_wconf 85' lang='lat' dir='ltr'>iani</span> <span class='ocrx_word' id='word_1_371' title='bbox 767 2951 914 2994; x_wconf 83' lang='lat' dir='ltr'>praeter</span> <span class='ocrx_word' id='word_1_372' title='bbox 941 2951 954 2983; x_wconf 89' lang='lat' dir='ltr'>I</span> <span class='ocrx_word' id='word_1_373' title='bbox 980 2955 1000 2983; x_wconf 81' lang='lat'>3</span> <span class='ocrx_word' id='word_1_374' title='bbox 1028 2951 1066 2983; x_wconf 85' lang='lat' dir='ltr'>ct</span> <span class='ocrx_word' id='word_1_375' title='bbox 1093 2950 1139 2983; x_wconf 91' lang='lat' dir='ltr'>IV</span> <span class='ocrx_word' id='word_1_376' title='bbox 1170 2954 1181 2983; x_wconf 93' lang='lat'>1</span> <span class='ocrx_word' id='word_1_377' title='bbox 1215 2951 1315 2995; x_wconf 90' lang='lat' dir='ltr'>(vide</span> <span class='ocrx_word' id='word_1_378' title='bbox 1340 2951 1452 2993; x_wconf 81' lang='lat' dir='ltr'>infra)</span> <span class='ocrx_word' id='word_1_379' title='bbox 1484 2950 1511 2983; x_wconf 94' lang='lat' dir='ltr'>V</span> <span class='ocrx_word' id='word_1_380' title='bbox 1539 2954 1559 2983; x_wconf 84' lang='grc'>8</span> <span class='ocrx_word' id='word_1_381' title='bbox 1587 2952 1625 2984; x_wconf 88' lang='lat' dir='ltr'>et</span> <span class='ocrx_word' id='word_1_382' title='bbox 1650 2950 1681 2984; x_wconf 91' lang='lat' dir='ltr'>V</span> <span class='ocrx_word' id='word_1_383' title='bbox 1708 2955 1739 2986; x_wconf 81' lang='lat'>9.</span> 
     </span>
    </p>

    <p class='ocr_par' dir='ltr' id='par_1_9' title="bbox 385 3003 1789 3047">
     <span class='ocr_line' id='line_1_42' title="bbox 385 3003 1789 3047; baseline 0.001 -11"><span class='ocrx_word' id='word_1_384' title='bbox 385 3006 446 3045; x_wconf 75' lang='lat'>††)</span> <span class='ocrx_word' id='word_1_385' title='bbox 477 3004 526 3036; x_wconf 62' lang='lat' dir='ltr'>[le</span> <span class='ocrx_word' id='word_1_386' title='bbox 557 3004 600 3036; x_wconf 85' lang='grc' dir='ltr'>ΙΙΙ</span> <span class='ocrx_word' id='word_1_387' title='bbox 631 3008 651 3037; x_wconf 77' lang='lat'>2</span> <span class='ocrx_word' id='word_1_388' title='bbox 678 3004 759 3047; x_wconf 73' lang='lat' dir='ltr'>ipsa</span> <span class='ocrx_word' id='word_1_389' title='bbox 785 3003 944 3037; x_wconf 79' lang='lat' dir='ltr'>lectione</span> <span class='ocrx_word' id='word_1_390' title='bbox 971 3005 1204 3038; x_wconf 77' lang='lat' dir='ltr'>ccliiii-mavit</span> <span class='ocrx_word' id='word_1_391' title='bbox 1229 3004 1409 3045; x_wconf 86' lang='lat' dir='ltr'>Loewius‚</span> <span class='ocrx_word' id='word_1_392' title='bbox 1436 3003 1524 3037; x_wconf 88' lang='lat' dir='ltr'>item</span> <span class='ocrx_word' id='word_1_393' title='bbox 1553 3005 1597 3037; x_wconf 88' lang='lat' dir='ltr'>de</span> <span class='ocrx_word' id='word_1_394' title='bbox 1624 3004 1636 3036; x_wconf 87' lang='lat' dir='ltr'>I</span> <span class='ocrx_word' id='word_1_395' title='bbox 1666 3009 1699 3047; x_wconf 87' lang='lat'>3,</span> <span class='ocrx_word' id='word_1_396' title='bbox 1726 3003 1789 3038; x_wconf 81' lang='lat' dir='ltr'>ubi</span> 
     </span>
    </p>
   </div>
  </div>
 </body>
</html>
