1946 3344
696 833 738 875 P
747 832 888 876 ΒΑΕ
897 831 1066 875 FATI
1076 832 1117 875 O

264 1033 371 1075 Post
413 1033 794 1089 Ritschelium,
845 1035 964 1077 euius
1010 1034 1140 1076 editio
1186 1018 1298 1075 ann⁴o
1343 1033 1470 1075 huius
1517 1034 1675 1075 saeculi

145 1105 618 1161 undequinquagesimo
664 1107 845 1161 prodiit>
897 1105 1228 1148 Ambrosiani
1272 1105 1475 1159 reliquias
1519 1107 1676 1147 tracta—

144 1179 298 1218 verunt
330 1175 681 1232 Geppertus*)
715 1180 758 1219 et
784 1175 1269 1233 Studemundus**):
1300 1176 1418 1218 illius
1451 1191 1582 1232 opera
1614 1177 1678 1217 in-

146 1252 270 1303 tegra
279 1282 289 1302 ‚
341 1248 468 1289 huius
518 1249 780 1292 lectionibus
830 1249 1108 1304 paucioribus
1158 1262 1261 1290 usus
1306 1252 1372 1290 est
1418 1247 1679 1290 Gustavus

146 1319 343 1373 Loewe,
366 1334 461 1361 cum
482 1320 606 1362 annis
626 1321 737 1363 1876
759 1323 801 1362 et
824 1321 935 1363 1877
959 1320 1069 1362 hane
1089 1319 1285 1361 fabulam
1307 1317 1679 1375 describeretfiffi)

146 1389 260 1432 Huic
291 1391 426 1446 igitur
459 1391 726 1447 apographo,
759 1392 871 1446 quod
903 1406 957 1432 ne
985 1391 1141 1433 iterum
1175 1405 1268 1432 cum
1297 1391 1438 1433 codice
1466 1391 1678 1433 conferre-

149 1465 219 1504 tur
245 1461 335 1503 fata
366 1461 695 1517 prohibuerunt,
728 1478 836 1518 quae
868 1463 913 1504 in
944 1477 1059 1504 nova
1085 1462 1271 1504 editione
1305 1477 1354 1504 ex
1387 1461 1426 1504 Α
1459 1463 1678 1505 adnotavi-

148 1548 243 1575 mus
265 1533 411 1575 deberi
433 1548 673 1574 monemus:
707 1534 792 1575 nisi
814 1534 928 1588 quod
949 1536 1287 1575 consentaneum
1308 1537 1374 1576 est
1395 1533 1675 1576 Studemundi

145 1604 350 1646 lectiones
385 1619 674 1659 quascumque
714 1604 1006 1660 indigavimus
1048 1604 1279 1661 diligenter
1321 1605 1540 1648 adhibitas
1573 1621 1676 1649 esse.

148 1674 345 1717 Servavit
376 1678 519 1717 autem
551 1675 658 1717 liber
684 1675 916 1730 rescriptus
944 1674 1207 1718 Bacchidum
1240 1677 1445 1731 reliquias
1472 1677 1619 1719 hasce:

206 1806 349 1859 sA.a

189 1863 348 1919 seb

251 1946 296 1989 C.
328 1963 349 1990 c

189 1965 338 2204 <239
372 2020 459 2061 240
481 2040 534 2053 =
556 2021 642 2062 476
662 2045 709 2049 —
729 2020 833 2074 4943
864 2020 951 2062 495
971 2045 1016 2049 ——
1040 2022 1125 2062 513
1553 2058 1668 2111 [XV]

244 2090 339 2131 251.
382 2091 466 2132 252
489 2111 543 2124 =
565 2092 651 2133 514
667 2092 848 2145 —5303
888 2091 968 2133 531
993 2117 1039 2120 —
1060 2092 1157 2133 539.
1198 2092 1284 2134 552
1305 2117 1350 2121 —
1371 2093 1457 2134 560

245 2160 353 2202 D.d

244 2233 346 2274 E.e

244 2303 340 2345 F.f

266 2467 299 2512 ²¹²)
326 2468 378 2503 Cf.
401 2469 560 2503 Plautin.
583 2468 737 2505 Studien
762 2469 848 2504 fasc.
873 2469 903 2503 ΙΙ
930 2481 1014 2514 pag.
1037 2473 1192 2504 33—37:
1221 2470 1323 2504 cuius
1349 2470 1572 2505 lectionibus
1599 2471 1674 2506 sive

149 2521 255 2556 bonis
294 2522 370 2556 sive
412 2522 514 2557 falsis
559 2525 688 2567 utpote
727 2534 749 2557 a
786 2523 933 2558 Loewio
972 2524 1146 2557 accurate
1191 2523 1413 2558 examinatis
1453 2526 1675 2569 apparatmn

149 2574 294 2610 onerari
319 2575 431 2610 nolui.

256 2627 309 2672 **)
343 2627 396 2663 Cf.
431 2628 642 2674 ‘Festgruss
675 2629 739 2664 der
770 2629 899 2674 philol.
936 2629 1187 2665 Gesellsohaft
1220 2643 1263 2665 zu
1297 2630 1505 2675 Wfirzburg
1538 2643 1582 2665 an
1617 2632 1676 2666 dio

150 2680 279 2714 XXVI.
295 2681 582 2727 Versammlung
602 2682 800 2718 deutscher
820 2682 1041 2729 Philologen
1062 2684 1136 2718 und
1157 2684 1440 2719 Sehulm'z'mner'
1465 2685 1518 2719 ed.
1538 2696 1569 2718 a..
1589 2688 1677 2719 1868

149 2746 183 2778 p.
205 2737 245 2768 41
262 2746 358 2780 sqq.:
386 2735 450 2770 ubi
471 2746 612 2770 errores
633 2735 778 2781 aliquot
797 2737 986 2782 graviores
1014 2748 1035 2772 a
1056 2737 1264 2772 Ritschelio
1290 2737 1443 2772 admissi
1471 2738 1676 2773 rectissime

149 2787 394 2832 corriguntur.

246 2841 323 2886 ***)
350 2841 404 2876 Ex
430 2842 567 2877 Loewii
589 2844 804 2888 apographo
832 2844 1028 2890 desumpta
1048 2847 1133 2879 sunt
1159 2855 1253 2889 quae
1281 2844 1523 2879 Gualtharius
1546 2845 1678 2880 Brach-

165 2905 274 2981 Ἑαέη
301 2895 359 2938 (de
387 2894 612 2931 Bacchidum
640 2895 833 2931 Plautinae
860 2897 1124 2933 retractatione
1158 2898 1327 2933 scaenica
1353 2898 1478 2942 capita
1504 2898 1681 2943 quinque)

152 2958 170 2982 e
199 2947 211 2982 i
241 2947 280 2982 it.
