1946 3344
265 209 349 250 100
901 206 1150 241 APPENDIX

362 309 414 338 11.
445 303 515 337 Sed
542 303 656 347 negat
682 302 804 337 hercle
832 312 869 336 se
896 301 973 335 illic
997 301 1168 346 Pylades,
1194 303 1290 337 unde
1314 301 1393 336 illic
1418 303 1524 337 multi
1548 303 1790 345 retinuerunt,

263 357 426 401 quamvis
456 360 488 391 et
513 356 633 390 versui
664 359 697 390 et
725 355 812 390 usui
842 355 981 398 officiat
1007 355 1143 399 potius.
1174 376 1214 380 —-
1242 354 1367 399 Negat
1392 355 1575 390 mehercle
1602 356 1790 390 Bentlzius

263 411 312 445 ad
346 410 425 445 Ter.
453 409 588 444 Heaut.
616 409 711 453 prol.
739 411 796 443 31.
846 406 969 452 Negat
1005 406 1070 441 sed
1107 406 1230 441 hercle
1264 407 1427 443 Guietus.
1486 406 1608 453 Negat
1641 409 1789 444 hercule

262 463 428 497 Botlcius.
480 462 603 506 Negat
637 460 760 496 hercle
794 470 884 494 uero
915 460 1108 494 Naucletus
1144 460 1431 505 Ritseheliusque
1463 461 1612 506 Parerq.
1639 473 1674 506 20.
1701 464 1789 498 222.

262 515 426 560 Negauit
451 515 574 550 hercle
601 515 814 561 Spenqelius
839 515 970 549 Philol.
999 513 1146 548 XXIV
1162 524 1201 558 p.
1225 517 1297 549 176
1322 513 1447 560 Negat
1472 515 1595 549 hercle
1622 525 1687 550 suo
1712 516 1791 550 iure

263 570 495 613 cwpostulans
528 569 617 604 ibid.
653 568 877 603 XXXVII
899 579 937 612 p.
969 570 1050 603 420.
1097 587 1139 591 -—
1190 567 1366 603 ultumuS.
1405 568 1477 602 huc
1504 567 1665 604 Guietus.
1710 569 1789 603 uol-

262 625 385 657 tumus
421 622 586 657 Kochius
623 621 761 657 Annal.
800 622 893 666 phil.
939 621 1005 656 vol.
1048 620 1104 654 CI
1131 632 1169 665 p.
1210 623 1283 655 686
1302 631 1351 665 sq.
1397 621 1571 656 ultumus.
1616 622 1658 655 tu
1703 632 1791 656 uero

269 676 470 721 Vssinqius.
514 675 678 710 ultumus
718 674 891 709 exaudire
930 674 1119 709 Palmerus
1157 673 1343 709 Hermath.
1384 678 1406 709 t.
1442 674 1538 708 XII
1567 686 1604 718 p.
1630 676 1712 710 139.
1747 695 1789 699 —-

261 729 430 764 accedito
457 730 550 773 (cum
569 739 674 764 versu
692 732 754 773 12,
780 729 822 763 de
847 739 916 772 quo
940 727 1064 763 videas
1089 727 1305 772 Lanqenum
1331 727 1451 774 Symb.
1461 739 1499 773 p.
1515 730 1591 764 202
1603 729 1690 773 sqq.)
1717 739 1792 764 non

261 786 352 818 recte
383 783 579 827 explicavit
610 782 830 818 Ritschelius
862 783 883 817 l.
910 793 937 817 s.
963 792 1010 824 s.,
1041 780 1234 824 artificiose
1259 781 1483 816 Dombartus
1517 781 1590 816 ‘Bt
1617 782 1643 824 f.
1671 782 1790 826 bayer.

263 835 409 881 Gymn?
448 836 481 871 V
504 848 543 882 p.
572 839 653 872 161.
687 835 869 871 discedito
901 836 1100 870 Bentleius.
1141 835 1355 870 descendito
1388 835 1560 870 Bossclza.
1601 835 1790 870 abscedito

261 889 412 925 Rostius
445 890 574 934 Opusc.
603 890 629 923 I
648 900 686 934 p.
714 892 804 933 101,
829 889 924 934 quod
943 891 1027 933 post
1054 888 1243 932 Botliium,
1271 889 1495 932 Naudetum,
1520 889 1671 932 Eltium,
1699 889 1792 924 alios

262 941 474 988 Spenqelius
501 943 522 976 l.
548 953 574 977 3.
602 953 628 978 S.
656 942 826 984 defendit.
855 953 924 986 age
952 942 1143 976 abscedito
1169 942 1403 988 Niemeyerus
1423 943 1443 977 l.
1465 953 1492 977 s.
1512 953 1539 978 s.
1575 942 1626 976 At
1646 945 1792 986 praeter

261 1006 384 1031 versus
403 995 578 1039 defectum
600 999 631 1030 et
651 995 818 1030 accedito
840 998 1048 1040 corruptum
1073 997 1318 1040 reputandum
1344 1000 1421 1031 erat
1445 1008 1476 1031 υ.
1497 998 1543 1030 15
1568 995 1652 1030 huic
1672 998 1793 1040 aperte

262 1049 465 1093 oppositum
495 1060 570 1084 non
601 1049 729 1084 habere
760 1059 829 1092 quo
860 1050 1054 1092 referatur,
1080 1049 1220 1084 etiamsi
1242 1053 1387 1094 praeter
1417 1049 1596 1083 rationem
1629 1059 1699 1093 ope
1719 1059 1792 1093 pro

263 1102 394 1146 opibus
427 1113 611 1137 sumamus
644 1102 706 1146 (cf.
733 1102 956 1136 Ritschelius
982 1102 1003 1136 l.
1024 1112 1050 1136 s.
1071 1113 1098 1136 s.
1127 1103 1246 1146 adn),
1279 1103 1374 1137 unde
1406 1100 1638 1149 ac<census>
1670 1101 1792 1136 cedito

261 1156 428 1200 supplevi
453 1156 510 1199 (cf.
540 1156 641 1190 Men.
668 1167 700 1190 v.
728 1157 804 1190 182
816 1166 889 1199 sqq.
917 1154 1062 1189 Friuol.
1088 1156 1219 1200 fraqm.
1248 1155 1316 1189 IV
1341 1155 1390 1189 W
1389 1157 1424 1200 .).

359 1213 413 1244 13.
440 1208 609 1243 mendice
636 1209 758 1243 rauier
784 1208 990 1243 Palmerius
1013 1207 1139 1252 Spicil.
1162 1220 1201 1252 p.
1225 1211 1297 1244 698
1310 1219 1360 1253 sq.
1386 1207 1619 1243 mentitarier
1638 1208 1791 1243 Neilson

265 1261 387 1297 ‘Four
412 1265 511 1297 notes
536 1273 583 1297 on
609 1262 733 1297 Plaut.
748 1261 879 1297 worcls'
908 1262 960 1297 ecl.
985 1260 1176 1296 Greenock.
1203 1273 1236 1295 a.
1266 1264 1362 1297 1876
1380 1274 1420 1307 p.
1443 1266 1476 1297 7.
1515 1262 1644 1297 Etiam
1672 1260 1792 1297 Game—

261 1317 385 1351 rarius
410 1317 618 1350 mendosum
644 1314 889 1350 mendicem-ier
915 1315 1153 1350 iudicaverat.
1190 1315 1229 1350 V.
1258 1316 1325 1350 del.
1353 1315 1515 1351 Guietus.

359 1373 412 1404 17.
457 1370 514 1404 De
545 1369 654 1404 huius
687 1370 832 1404 dubitat
856 1368 1039 1403 Luclisius
1066 1369 1124 1413 (cf.
1154 1369 1202 1403 acl
1226 1381 1257 1404 v.
1285 1372 1340 1414 4).·
1369 1370 1486 1413 possis
1514 1370 1600 1404 ante
1626 1368 1791 1404 dixeram

261 1433 342 1458 cum
368 1423 505 1458 Botliio
532 1424 590 1467 (ex
614 1424 692 1467 ms.)
719 1423 773 1458 vel
799 1423 910 1457 antea
936 1422 1055 1456 huius.

358 1480 401 1510 21
415 1487 465 1521 sq.
517 1476 656 1511 Seclusi
686 1487 809 1512 versus
835 1487 879 1510 ex
905 1476 978 1510 alio
1005 1476 1157 1520 proloqo
1188 1476 1309 1510 illatos
1343 1476 1524 1520 (similiter
1555 1487 1597 1511 ac
1622 1488 1652 1511 v.
1681 1478 1729 1510 50
1741 1486 1790 1520 sq.

262 1533 293 1563 et
313 1531 491 1574 46—49),
519 1531 582 1575 qui
607 1541 681 1565 non
706 1530 833 1564 melius
857 1530 1044 1574 quadrant
1071 1529 1156 1563 aliis
1182 1529 1268 1564 locis
1294 1529 1353 1572 (cf.
1376 1530 1425 1564 ad
1443 1542 1474 1565 v.
1496 1532 1518 1564 4
1539 1533 1570 1565 et
1590 1530 1660 1574 34).
1701 1529 1791 1564 Pro—

263 1583 335 1627 loqi
365 1584 517 1626 fortasse
542 1585 695 1627 fuerunt
720 1584 828 1618 verba
854 1595 877 1618 a
902 1583 1028 1617 Nonio
1060 1583 1218 1617 eoecitata
1241 1594 1277 1626 p.
1305 1585 1387 1626 498,
1414 1585 1458 1617 21
1510 1583 1574 1617 ille
1608 1582 1702 1617 alter
1727 1593 1792 1627 po-

260 1635 352 1670 titus
383 1635 501 1671 hostis
534 1639 589 1672 est
621 1638 702 1681 (an:
737 1637 833 1671 alter
859 1635 1028 1681 Alide?).·
1063 1636 1138 1670 nisi
1168 1636 1272 1671 adv.
1300 1639 1372 1671 762
1407 1636 1544 1679 referas
1578 1637 1693 1681 (quem
1725 1644 1805 1670 om.¹

261 1688 454 1725 Reblinius
479 1691 522 1725 de
547 1690 643 1725 Non.
674 1691 796 1725 IVIarc.
825 1690 847 1724 l.
877 1690 934 1724 Pl.
957 1701 996 1734 p.
1025 1690 1099 1734 60).

356 1747 411 1777 24.
457 1742 705 1787 Posteaquam
737 1744 903 1778 Botliius.
955 1742 1116 1778 Posthac
1150 1753 1261 1786 quom
1297 1741 1506 1786 Geppertus.
1557 1742 1648 1776 Post
1679 1753 1790 1786 quom

267 1795 467 1841 Vssinqius.
508 1817 551 1821 —-
591 1797 861 1841 belligerarunt
889 1797 1052 1831 Guietus.
1092 1816 1135 1820 —
1175 1795 1300 1830 Aetoli
1332 1795 1419 1829 olim
1455 1796 1507 1830 vel
1545 1795 1634 1829 olim
1667 1795 1793 1831 Aetoli

262 1849 420 1884 Bothius
446 1851 487 1885 in
513 1851 598 1886 adn.
626 1852 684 1896 (cf.
713 1851 913 1886 Muellerus
942 1850 1044 1884 Pros.
1067 1860 1106 1894 p.
1135 1851 1232 1893 739).
1265 1849 1388 1882 autem
1415 1847 1540 1883 Aetoli
1572 1848 1792 1884 Ritsclzelius

265 1901 415 1947 Parerq.
436 1914 475 1948 p.
503 1907 570 1948 22,
595 1904 868 1939 Lachmannus.
898 1925 939 1928 —
968 1913 1073 1937 cume
1101 1901 1195 1936 Aliis
1222 1901 1409 1936 Meursius
1435 1901 1567 1937 Exere.
1594 1902 1673 1937 crit.
1689 1913 1729 1946 p.
1746 1903 1793 1937 53

261 1956 357 1998 (item
382 1967 412 1991 v.
441 1958 515 2000 93).
544 1968 626 1991 cum
654 1956 781 1991 Valeis
809 1956 1033 2001 Spenqelius.
1062 1955 1117 1998 Cf.
1140 1956 1259 1999 praef.

356 2014 411 2045 25.
456 2010 508 2045 Vt
538 2011 576 2045 in
608 2010 708 2045 bello
741 2012 782 2045 fit
815 2011 958 2055 capitur
990 2010 1085 2044 alter
1117 2008 1285 2054 Pylades,
1337 2008 1401 2042 Vti
1432 2009 1474 2042 fit
1504 2009 1542 2043 in
1572 2008 1670 2044 bello
1697 2009 1792 2044 alter

261 2063 406 2107 capitur
432 2064 597 2098 Botulus.
629 2065 724 2099 Mox
744 2067 829 2109 post
853 2076 884 2099 υ.
911 2067 954 2098 26
982 2063 1152 2098 lacunam
1177 2062 1307 2096 statuit
1330 2061 1532 2107 chpertus
1556 2063 1651 2098 velut
1678 2062 1785 2097 Vtro-

262 2127 333 2160 que
360 2117 511 2151 orbatus
538 2116 613 2152 filio
641 2129 751 2153 senex
776 2117 895 2152 miser.

356 2173 412 2205 28.
439 2172 567 2213 posset
587 2182 668 2205 cum
687 2171 858 2215 eoeemplis
877 2180 1104 2215 nequaquam
1120 2169 1231 2213 plane
1256 2169 1437 2204 similibus
1456 2169 1665 2213 defendant,
1679 2181 1787 2214 prac-

260 2226 333 2257 stat
358 2227 490 2258 certam
515 2235 544 2258 v.
571 2227 643 2259 100
668 2226 824 2267 formam
849 2224 949 2268 sequi
967 2223 1072 2258 nulla
1097 2223 1170 2266 fere
1195 2224 1405 2258 mutatione.
1428 2243 1469 2247 -—
1491 2234 1564 2269 quo
1584 2224 1663 2267 (del.
1691 2224 1789 2267 eum)

260 2276 456 2310 Acidalius
482 2277 568 2311 Dav.
590 2288 629 2321 p.
656 2280 704 2312 89
735 2277 989 2322 Gifaniusque.

355 2332 410 2363 29.
452 2329 600 2364 Versum
625 2331 693 2365 del.
723 2330 895 2374 Guietus,
926 2330 995 2372 def.
1024 2329 1259 2376 Niemcyerus
1294 2330 1435 2364 ‘Zscluu
1461 2330 1488 2373 f.
1517 2329 1646 2375 Gymn.
1667 2330 1724 2364 w.’
1755 2342 1789 2364 a.

264 2384 361 2418 1882
383 2393 421 2426 p.
450 2384 532 2426 347,
552 2386 635 2426 post
659 2396 690 2418 v.
719 2386 764 2418 33
791 2384 934 2418 traiecit
963 2382 1173 2427 Geppertus.

358 2439 413 2470 31.
442 2436 591 2480 captum
617 2437 775 2471 militem
800 2435 933 2470 Aleum
959 2436 1115 2471 Bothius
1141 2437 1225 2471 olim
1251 2447 1294 2471 ea*
1319 2447 1379 2471 ms.
1408 2438 1559 2481 captum
1585 2446 1664 2470 esse
1692 2436 1788 2470 hunc

263 2488 426 2531 equitem
461 2500 492 2524 a.
518 2489 686 2535 Pylades.
722 2491 871 2534 captum
902 2489 1014 2524 etiam
1048 2490 1210 2533 equitem
1243 2489 1401 2524 alterum
1430 2489 1670 2524 Camerarius.
1705 2499 1789 2533 cap-

262 2544 342 2576 tum
375 2542 559 2586 etiamque
592 2543 681 2577 item
713 2542 870 2577 alterum
897 2543 1092 2577 Acidalius
1114 2554 1150 2586 p.
1177 2545 1235 2579 88.
1269 2545 1416 2587 captum
1450 2553 1528 2577 esse
1561 2544 1673 2586 atque
1699 2542 1789 2577 item

263 2596 419 2629 alterum
454 2595 625 2630 Bossclza.
659 2595 809 2640 captum
842 2606 921 2630 esse
954 2595 1115 2638 equitem
1149 2607 1192 2631 ex
1225 2596 1332 2630 Alide
1367 2599 1448 2632 otto
1477 2597 1538 2641 (cf.
1565 2596 1791 2632 Fleclcez'seni

262 2651 361 2693 epist.
389 2649 467 2684 crit.
493 2660 530 2692 p.
560 2649 667 2692 XX).
700 2649 828 2683 natum
857 2649 1006 2693 captum
1040 2660 1118 2683 esse
1145 2649 1278 2684 Aleum
1305 2649 1504 2684 Muellerus
1529 2649 1631 2685 Pros.
1652 2661 1692 2694 p.
1714 2652 1789 2685 528

263 2703 304 2736 dc
315 2701 440 2745 equite
455 2702 629 2736 dubitans
642 2713 722 2736 cum
736 2702 831 2736 aliis.
853 2703 1003 2745 captum
1019 2712 1098 2736 esse
1114 2702 1276 2745 equitem
1288 2702 1445 2737 Valeum
1458 2702 1669 2748 Spenqclius
1683 2704 1704 2738 l.
1719 2714 1746 2738 s.
1761 2714 1788 2738 s.

360 2759 414 2789 34.
441 2754 543 2789 Emit
561 2754 671 2790 hosce
698 2755 827 2789 ambos
842 2754 887 2788 de
907 2755 1045 2799 praeda
1067 2766 1088 2788 a
1110 2756 1367 2798 quaestoribus
1382 2756 1532 2790 Reieius
1551 2756 1640 2790 conl.
1653 2767 1684 2790 v.
1699 2758 1788 2790 453.-

263 2809 368 2851 idquc
399 2809 475 2852 ipsc
507 2808 778 2843 Studemundus
803 2807 940 2842 Annal.
968 2808 1059 2852 phil.
1087 2812 1108 2843 t.
1138 2808 1293 2843 CXIII
1307 2819 1346 2853 p.
1376 2812 1423 2842 67
1436 2820 1486 2852 sq.
1516 2808 1678 2852 praefert
1702 2819 1789 2844 suae

262 2872 370 2904 quam
388 2863 506 2906 recepi
523 2862 720 2897 mutationi
740 2862 869 2896 leniori
889 2864 980 2895 recte
998 2862 1199 2905 repudians
1219 2861 1396 2896 Sclemiclli
1415 2862 1457 2896 cle
1472 2872 1581 2906 pron.
1597 2863 1786 2898 demonstr.

262 2914 367 2956 l'orm.
397 2914 522 2949 Plaut.
544 2926 583 2959 p.
609 2917 668 2950 23.
697 2918 744 2949 38
770 2914 1069 2959 transpositiones
1100 2915 1211 2950 hosce
1238 2914 1329 2950 emit
1353 2915 1407 2950 vel
1440 2915 1484 2948 dc
1511 2914 1651 2958 praeda
1676 2915 1787 2950 hosce

262 2968 403 3011 duplici
429 2968 473 3002 de
500 2972 663 3003 seruato:
689 2972 728 3004 at
752 2969 872 3004 minus
898 2971 988 3004 recte
1013 2969 1199 3013 scriptura
1225 2979 1244 3003 e
1271 2968 1409 3013 praeda
1515 2967 1560 3003 de
1586 2968 1786 3012 quaestori-
