1946 3344
839 188 1113 224 PRAEFATIO
1651 190 1738 225 XIII

208 296 300 338 Iam
340 311 441 339 vero
482 297 597 339 hunc
637 312 806 353 quoque
847 299 881 339 si
923 299 1096 353 plenum
1139 298 1462 353 quaternionem
1496 296 1738 354 (LXXXID

204 367 337 410 fuisse
371 368 598 422 sumimus,
638 384 746 424 quae
778 369 892 410 inter
923 368 1064 410 media
1097 369 1427 424 quaternionum
1459 369 1661 410 LXXXII
1695 373 1736 411 et

205 438 430 481 LXXXIII
477 440 597 495 paria
647 440 960 482 intercederent
1004 441 1030 482 6
1075 440 1179 482 folia
1229 441 1334 483 haec
1383 441 1470 482 fere
1515 443 1736 496 caperent:

206 511 260 552 73
292 510 429 552 troch.
462 512 587 564 sept„
620 510 677 551 24
709 511 836 552 iamb.
870 513 992 565 sept,
1026 511 1082 552 22
1116 525 1219 565 sen.,
1252 526 1284 553 c.
1318 513 1375 554 20
1407 512 1643 555 versiculos
1676 514 1736 567 ly-

203 582 333 635 ricos,
377 582 405 622 4
449 582 769 636 inscriptiones:
815 596 922 636 quae
961 581 996 622 si
1036 584 1335 637 computamus
1380 583 1505 625 facile
1548 585 1577 625 4
1619 583 1735 626 foliis

205 653 488 695 vindicamus:
529 653 743 708 quomodo
778 653 804 694 6
838 653 1006 707 explere
1039 654 1259 707 potuerint
1290 655 1416 708 plane
1449 669 1536 696 non
1569 655 1734 697 intelle-

203 724 356 779 gimus.
408 723 472 766 De
506 725 671 767 lacunis
705 728 847 766 autem
881 724 1115 766 maioribus
1150 725 1193 766 in
1225 724 1292 766 his
1324 726 1430 767 locis
1465 727 1530 767 vel
1558 727 1734 769 omnino

202 795 247 836 in
279 795 360 837 hac
392 795 540 838 fabula
572 811 697 838 nemo
731 795 953 850 cogitabit.
1016 795 1141 837 Vnde
1175 796 1338 838 conicio
1371 797 1610 852 binionem,
1648 813 1733 841 non

203 867 552 922 quaternionem,
582 867 715 909 fuisse
736 865 953 918 LXXXII,
986 867 1242 921 praesertim
1276 882 1371 909 cum
1392 868 1502 910 idern
1525 884 1575 910 ex
1599 871 1734 911 altera

200 941 324 992 parte
356 939 573 994 probetur.
637 937 708 980 Sic
741 938 855 979 enim
887 937 1038 980 folium

488 1035 603 1086 [437.
636 1034 721 1076 438
745 1054 798 1067 =
820 1033 841 1074 ‘e
905 1059 1259 1062 *—
1322 1035 1428 1087 481]

201 1123 400 1165 ultimum
439 1123 735 1178 quaternionis
774 1122 955 1164 LXXXI
993 1123 1142 1176 fuerit,
1182 1123 1300 1165 cuius
1340 1124 1525 1178 primum
1565 1141 1732 1181 quoque

201 1198 419 1238 servatum
464 1209 556 1237 esse
601 1209 732 1249 supra
783 1209 833 1236 ex
878 1192 1159 1236 Studemundi
1211 1195 1458 1237 testimonio
1505 1196 1733 1239 effecimus.

201 1265 339 1315 Quam
378 1269 477 1321 apte
516 1269 660 1308 autem
698 1281 736 1308 v.
769 1266 1013 1308 231—481
1055 1266 1181 1307 unius
1215 1266 1510 1320 quaternionis
1544 1269 1732 1323 spatium

199 1338 368 1393 explere
413 1338 650 1392 potuerint,
701 1340 901 1392 apparet:
953 1337 1081 1378 simul
1132 1339 1275 1379 autem
1321 1338 1551 1380 difficultas
1603 1355 1731 1395 quam

200 1424 330 1464 supra
362 1409 412 1450 de
444 1411 537 1451 toto
570 1409 699 1450 huius
725 1409 898 1450 fabulae
926 1409 1092 1450 ambitu
1119 1409 1163 1450 in
1190 1408 1478 1452 Ambrosiano
1506 1412 1732 1466 movimus,

200 1481 281 1522 hac
314 1481 483 1522 ratione
517 1481 746 1522 evanescit.

319 1563 456 1613 Quam
497 1564 784 1619 suspicionem
824 1564 904 1605 etsi
948 1566 1088 1606 tacere
1126 1564 1268 1615 nolui,
1312 1567 1458 1607 tamen
1499 1580 1593 1607 cum
1633 1567 1730 1608 aliis

199 1633 482 1677 Studemundi
524 1635 574 1677 de
612 1635 693 1677 hac
731 1650 776 1676 re
814 1635 1019 1677 iudicium
1061 1637 1238 1690 expecto
1279 1638 1406 1690 atque
1446 1639 1614 1691 exopto.
1681 1638 1730 1679 In

202 1707 297 1762 ipso
331 1721 432 1749 vero
467 1708 678 1761 apparatu
712 1706 826 1761 quod
859 1707 1026 1759 saepius
1060 1721 1200 1748 meam
1227 1706 1456 1748 lectionem
1478 1706 1731 1750 Studemun-

200 1778 354 1819 dianae
388 1778 588 1832 opposui,
625 1777 670 1818 id
704 1777 763 1819 sic
797 1778 983 1832 accipias
1017 1779 1297 1833 explicesque.
1356 1778 1464 1821 Cum
1497 1779 1729 1821 Mediolani

198 1864 232 1890 a.
255 1847 655 1891 MDCCOLXXXV
680 1863 893 1904 versarer,
919 1849 1201 1891 Ambrosiani
1235 1850 1440 1905 reliquias
1467 1865 1554 1892 non
1581 1852 1728 1892 statim

198 1935 247 1962 eo
276 1920 454 1963 consilio
487 1921 531 1961 in
557 1935 710 1962 manus
737 1921 848 1976 cepi,
880 1923 927 1962 ut
953 1921 1209 1976 conferrem,
1241 1921 1315 1962 sed
1341 1924 1389 1963 ut
1414 1935 1728 1976 cognoscerem,

197 1992 352 2048 quippe
391 2007 486 2035 cum
525 1992 653 2034 nimis
695 1993 800 2033 meis
840 1992 1001 2034 viribus
1041 1993 1262 2047 oculisque
1308 1992 1555 2035 diffiderem.
1627 1994 1727 2035 Mox

198 2079 294 2106 cum
320 2064 474 2106 melius
500 2079 628 2119 quam
657 2066 984 2118 expectaveram
1005 2065 1228 2120 negotium
1248 2065 1479 2120 procedere
1500 2065 1728 2120 videretur,

197 2135 356 2178 diutius
383 2138 673 2179 commoratus
699 2135 869 2177 fabulas
895 2136 1125 2177 nonnullas
1154 2136 1300 2177 sedulo
1321 2137 1594 2191 pertractavi.
1635 2137 1727 2186 Quo

196 2207 357 2250 factum
391 2211 474 2262 est,
506 2210 554 2250 ut
585 2222 825 2262 perpaucae
857 2208 1049 2262 priorum
1082 2210 1182 2262 post
1209 2206 1496 2249 Ritschelium
1522 2208 1726 2250 lectiones

196 2282 368 2334 praesto
402 2279 507 2321 mihi
539 2281 694 2321 essent.
740 2279 834 2321 Iam
866 2293 967 2321 vero
996 2293 1046 2320 ex
1072 2293 1281 2320 consensu
1308 2294 1404 2321 cum
1433 2277 1726 2321 Studemundo

196 2365 292 2392 cum
330 2353 482 2405 postea
512 2365 601 2392 non
639 2351 786 2405 paucis
826 2350 931 2392 locis
970 2353 1083 2392 recte
1117 2365 1183 2391 me
1222 2350 1381 2405 legisse
1419 2351 1726 2406 intellegerem,

195 2421 268 2463 ubi
301 2422 595 2477 discreparent
626 2422 874 2463 testimonia
906 2424 1057 2463 nostra
1083 2422 1203 2463 nolui
1229 2421 1344 2464 illius
1372 2422 1600 2464 lectionem
1629 2423 1725 2463 sim—

195 2493 366 2548 pliciter
398 2508 539 2535 meam
571 2493 727 2547 facere,
767 2494 962 2548 quamvis
1000 2493 1091 2534 veri
1133 2493 1271 2534 simile
1312 2508 1360 2535 ac
1398 2507 1531 2548 prope
1564 2495 1724 2534 certum

195 2565 252 2606 sit
288 2564 355 2606 his
393 2565 498 2606 locis
538 2579 605 2606 me
639 2579 815 2606 errasse.
880 2563 1079 2606 Ceterum
1112 2565 1148 2606 si
1187 2565 1384 2619 proximo
1425 2579 1537 2606 anno
1571 2564 1726 2605 iterata

195 2650 296 2677 cura
328 2635 380 2678 ad
408 2635 744 2678 Ambrosianum
777 2636 944 2690 redibo,
978 2636 1083 2678 illud
1116 2636 1438 2678 incommodum
1467 2634 1606 2689 quoad
1636 2634 1723 2675 fieri

194 2709 341 2761 potest
373 2721 440 2749 me
473 2707 731 2749 evitaturum
765 2722 857 2749 esse
890 2722 978 2750 non
1009 2710 1075 2749 est
1107 2707 1220 2763 quod
1253 2721 1462 2748 moneam.

312 2790 356 2832 B
406 2790 595 2833 codicem
645 2793 744 2846 post
787 2791 1072 2833 Ritschelium
1124 2793 1166 2831 et
1210 2789 1407 2831 Loewius
1459 2789 1643 2830 contulit
1687 2805 1721 2831 a.

194 2859 617 2904 MDCCOLXXVIII
650 2864 693 2904 et
724 2862 815 2917 ipse
848 2862 1014 2904 excussi
1048 2877 1083 2903 a.
1110 2859 1542 2902 MDCCOLXXXVI.
1587 2859 1720 2909 Quem

194 2947 268 2987 per
317 2933 425 2975 hanc
475 2933 667 2975 fabulam
723 2936 874 2975 notum
927 2936 993 2975 est
1048 2948 1184 2987 neque
1242 2946 1490 2973 scaenarum
1541 2932 1719 2987 inscrip—
