1946 3344
278 210 361 251 154
918 209 1164 244 APPENDIX
1620 216 1803 247 182—195

274 319 417 353 studuit
443 318 708 362 computatione
734 317 776 352 de
801 316 837 352 A
863 317 1055 360 instituta,
1081 328 1190 362 quam
1215 319 1391 362 reliquiae
1416 319 1626 353 accuratius
1650 320 1805 365 indaqa-

276 375 332 405 tae
357 371 580 414 refutarunt.
631 371 739 405 Recte
765 374 883 404 autem
909 371 1070 405 Briecius
1102 371 1237 415 aliique
1263 372 1480 406 Peniculum
1505 373 1624 417 ipsum
1648 373 1704 407 his
1729 383 1805 407 ver-

278 425 331 459 bis
356 436 429 459 non
455 425 581 469 maqni
604 425 723 467 facere
749 424 875 459 Erotii
898 424 1107 469 superbiam
1137 428 1378 468 sumpserunt.
1430 424 1593 460 Ceterum
1618 425 1711 460 alias
1733 437 1804 470 pro

273 477 356 511 aliis
383 478 556 522 Scaliger.
608 478 665 512 De
691 478 791 512 ea‘itu
822 489 854 512 v.
885 481 950 512 184
979 477 1106 521 ‘prave
1131 478 1311 513 Beckerus
1339 477 1483 523 Quaest.
1504 491 1543 523 p.
1573 482 1618 514 13
1645 480 1805 514 iudicat.-

275 535 365 567 rccte
390 532 674 576 Kampmannus
700 532 742 566 de
767 543 804 566 re
830 532 933 566 milit.
957 543 996 575 p.
1023 531 1075 566 9⁵.

397 588 463 619 185
477 597 548 630 sqq.
581 585 710 620 Versui
735 588 808 620 185
834 585 861 618 Ρ
883 595 1045 630 praescr.
1079 584 1269 619 Bentleius
1301 595 1370 628 quo
1396 585 1513 620 nescio
1539 596 1590 619 an
1614 586 1722 620 verba
1747 586 1803 620 in-

274 640 458 684 sequentia
485 639 610 683 potins
643 639 866 682 spectaverit.
919 639 1016 683 Ergo
1050 637 1113 672 isti
1146 649 1189 672 ac
1225 638 1275 672 mi
1312 637 1421 672 hodie
1447 638 1660 673 Acidalius:
1692 639 1738 682 cf.
1767 639 1805 673 'R

275 693 323 727 N.
350 704 423 727 eoec.
450 692 509 727 Pl.
538 693 564 725 I
582 703 622 736 p.
649 696 694 726 91
724 693 802 736 (ubi
827 692 871 727 de
895 693 975 737 Ego
1001 691 1086 726 istie
1113 692 1164 725 mi
1191 691 1325 726 hodied
1353 692 1511 735 coyitat).
1534 712 1576 716 —
1599 692 1704 726 Idem
1718 692 1804 726 Aci-

274 746 398 780 dalius
423 745 550 779 iussim
577 746 643 789 (sic
670 744 722 790 Ἠ)
748 746 802 780 vel
826 744 951 787 iusso,
975 744 1134 779 Brioeius
1160 756 1192 778 a.
1222 747 1318 779 1847
1340 755 1377 788 p.
1401 747 1447 779 18
1473 744 1558 779 iube
1586 745 1634 780 sis
1660 747 1802 790 (cetero—

274 799 338 843 qui
364 810 444 832 (um
470 799 643 833 Acidalio
675 800 847 843 faciens):
880 799 924 841 cf.
955 798 1146 833 Cramerus
1178 799 1220 833 de
1246 799 1340 842 perf.
1376 799 1467 833 coni.
1495 810 1565 833 usu
1586 802 1722 842 potent.
1749 799 1802 834 ed.

277 852 478 895 Ilffarburqi
504 864 535 886 a.
564 856 663 887 1886
685 864 723 896 p.
752 856 808 888 10.
860 852 1003 886 Deinde
1028 851 1225 895 prandium
1248 851 1422 896 Scaliqer,
1448 851 1654 887 Salmasius
1680 853 1733 896 (at
1758 852 1804 895 ef.

274 906 494 940 Ribbeclcius
515 917 552 950 p.
577 908 646 939 534
660 907 738 950 sq),
764 906 828 940 ubi
852 904 1029 949 proilium
1055 909 1200 940 auctore
1227 906 1373 940 Mureto
1400 905 1484 941 Var.
1511 906 1555 940 L.
1579 906 1639 940 VI
1651 910 1673 941 4
1693 907 1801 941 Lam-

274 960 400 1002 binus,
425 962 465 992 ut
490 969 521 993 v.
553 963 618 993 186
653 960 731 1003 (ubi
762 970 829 1003 pro
858 958 925 993 llio
954 958 1200 1003 Camerarius)
1234 970 1313 993 cum
1345 959 1472 994 iisdem
1497 971 1541 994 ex
1567 961 1671 995 libris
1698 960 1800 995 Giae-

274 1013 413 1055 conius,
444 1012 607 1056 Popma,
634 1012 806 1056 Lipsius,
833 1012 901 1046 alii
933 1012 1055 1055 (etiam
1082 1012 1337 1047 Fleckeiscnus
1363 1013 1501 1046 Annal.
1525 1013 1650 1058 philol.
1681 1013 1806 1048 CVII

269 1077 307 1109 p.
324 1068 391 1099 411
409 1066 521 1109 adn).
572 1066 765 1101 Praeterea
793 1064 912 1100 Hodie
940 1066 977 1099 id
1002 1064 1087 1099 feci.
1114 1076 1181 1099 nae
1208 1067 1284 1100 cccl.
1312 1066 1476 1112 Pyladis,
1529 1066 1648 1101 Hodie
1675 1069 1717 1102 ub
1742 1068 1802 1102 fie-

276 1119 342 1152 ret.
379 1118 416 1153 in
455 1130 497 1153 eo
526 1119 758 1154 Camerarius
794 1122 1004 1154 construens
1038 1129 1118 1153 cum
1152 1120 1412 1163 superioribus.
1473 1119 1588 1154 Verba
1624 1120 1661 1154 in
1688 1131 1730 1155 eo
1758 1141 1801 1146 —

275 1174 420 1206 noctem
450 1173 522 1206 sies
550 1173 723 1207 Peniculo
751 1173 930 1207 tribuebat
957 1174 1058 1216 <post
1083 1173 1331 1215 Bentleiunff)
1375 1172 1565 1217 Vssinyius
1591 1174 1804 1208 assentiente

275 1226 484 1270 Ribbeckio,
509 1227 572 1270 qui
592 1225 815 1260 certabimus
831 1236 902 1270 pro
924 1224 1146 1269 potabimus.
1198 1226 1249 1260 At
1269 1226 1593 1271 quomodocumque
1611 1227 1719 1262 verba
1738 1230 1804 1262 aut

276 1282 492 1325 corriqimus
518 1284 583 1314 aut
603 1279 859 1313 distribuimus
878 1290 989 1323 neque
1009 1290 1087 1313 cum
1109 1280 1277 1323 personis
1302 1290 1413 1323 neque
1438 1290 1519 1314 cum
1544 1280 1684 1324 reliqua
1708 1292 1802 1316 scae-

274 1346 343 1368 nae
368 1337 472 1377 parte
498 1336 713 1378 conqruunt.
769 1333 856 1366 Post
888 1344 920 1366 υ.
951 1336 1017 1367 188
1049 1333 1274 1367 intercidisse
1305 1343 1421 1366 unum
1453 1332 1651 1377 Lanqemcs
1680 1337 1802 1376 putat,

274 1400 354 1422 eum
380 1398 510 1422 novam
535 1387 772 1421 recensionem
797 1387 882 1421 inele
908 1399 930 1421 a
950 1398 979 1421 v.
1006 1390 1071 1421 189
1099 1396 1209 1430 usque
1235 1386 1284 1421 acl
1309 1397 1340 1421 v.
1364 1388 1432 1419 208
1449 1396 1520 1430 sqq.
1548 1390 1688 1420 statuat
1713 1386 1802 1421 Son-

274 1442 498 1485 ncnburqius
518 1452 557 1483 p.
585 1442 669 1483 5sq.
721 1439 772 1474 At
804 1439 1001 1474 Peniculus
1033 1451 1113 1474 cum
1144 1440 1298 1474 salutem
1329 1439 1568 1483 interruperit
1597 1443 1690 1474 recte
1723 1440 1803 1474 Me-

274 1495 466 1529 naechmus
491 1494 569 1538 ipso
595 1494 718 1527 statim
742 1505 773 1527 v.
807 1497 873 1527 189
899 1493 1037 1528 salutat
1062 1494 1297 1528 meretricem:
1323 1503 1445 1526 versus
1471 1496 1590 1527 autem
1617 1496 1802 1527 185-188

275 1549 406 1582 rectius
437 1548 591 1590 fortasse
618 1547 732 1581 locum
758 1547 979 1590 parallelum
1010 1546 1156 1580 habebis
1179 1549 1329 1590 propter
1354 1557 1385 1580 v.
1412 1548 1486 1581 152
1499 1556 1547 1590 sq.
1578 1546 1804 1590 adscriptum

275 1612 382 1646 quam
416 1601 600 1635 scaenicae
634 1600 886 1634 retractationi
921 1600 1073 1634 tribuas.
1134 1598 1248 1633 Versu
1286 1602 1350 1633 188
1383 1599 1569 1642 desperato
1595 1599 1676 1633 Tua
1702 1599 1801 1643 legio

275 1655 332 1688 est
357 1666 374 1688 e
399 1654 499 1689 codd.
522 1657 596 1688 ant.
619 1654 724 1696 affert
745 1653 911 1698 Pylades.
964 1653 1044 1687 Tua
1071 1653 1162 1687 haec
1189 1652 1247 1686 est
1272 1652 1389 1696 legio:
1417 1651 1632 1687 adiudicato
1652 1652 1801 1688 Parcus.

275 1706 328 1740 Tu
354 1709 420 1741 tua
446 1719 489 1741 ex
516 1706 598 1751 lege
626 1707 693 1751 (Ex
719 1708 784 1740 tua
809 1706 892 1751 lege
916 1706 1131 1750 Geppertus)
1157 1704 1372 1740 adiudicabo
1391 1704 1580 1740 Gruterus.
1632 1705 1726 1740 Eum
1751 1704 1802 1740 le-

278 1772 360 1805 ges:
397 1761 436 1794 tu
473 1760 636 1794 indicato
665 1761 702 1795 'R
739 1761 957 1794 dubitanter.
1010 1759 1090 1793 Tua
1117 1758 1187 1793 erit,
1212 1757 1329 1803 legio:
1363 1758 1527 1799 iudicato
1563 1759 1753 1804 Kayserus
1779 1760 1800 1793 l.

274 1826 302 1848 s.
329 1825 355 1847 s.
378 1825 417 1858 p.
445 1816 526 1847 419.
579 1814 679 1847 Tuus
707 1816 778 1848 est:
806 1812 922 1857 legito
949 1824 991 1847 ac
1017 1799 1180 1846 iudicaffio
1216 1812 1398 1846 Valilenus
1427 1812 1528 1847 Mus.
1555 1811 1669 1847 Rhen.
1699 1812 1807 1846 XVI

273 1878 309 1910 p.
338 1870 420 1901 631.
472 1867 627 1901 Tuomst
660 1866 796 1910 eligere
829 1877 873 1900 ac
908 1865 1071 1899 iudicare
1106 1865 1322 1909 lVaqnerus.
1374 1864 1429 1899 Tu
1456 1864 1613 1910 selegito
1640 1876 1682 1900 ac
1708 1864 1801 1899 iudi-

277 1920 360 1953 cato
394 1919 594 1963 Vssinqius.
648 1920 781 1954 Tuosb:
821 1918 957 1963 legioni
990 1917 1206 1952 adiudicato
1233 1918 1462 1953 Ribbeck-ius.
1492 1939 1533 1942 —
1563 1929 1645 1952 cum
1671 1918 1803 1952 u‘brone

278 1972 315 2005 'R
341 1983 421 2006 cum
443 1972 684 2006 Fleckeiseno.
737 1982 818 2005 cum
847 1973 931 2005 utro
958 1972 999 2005 tu
1026 1972 1119 2006 idem
1145 1972 1239 2006 olim.
1293 1982 1375 2005 cum
1403 1971 1512 2006 utrod
1538 1972 1632 2006 idem
1651 1972 1700 2006 N.
1728 1982 1800 2006 exc.

278 2025 334 2059 Pl.
353 2025 380 2057 Ι
392 2036 432 2068 p.
449 2028 504 2060 64.
555 2027 595 2059 tu
621 2036 704 2059 cum
732 2026 815 2059 utro
837 2025 1035 2070 Kayserus.
1076 2025 1124 2067 te,
1153 2035 1234 2058 oum
1261 2025 1344 2058 utro
1373 2025 1553 2059 Becker-us
1579 2026 1619 2059 in
1639 2024 1798 2060 Studem.

276 2078 380 2112 Stud.
413 2079 436 2112 l
451 2089 489 2122 p.
518 2081 588 2113 188
615 2079 700 2112 adn.
751 2078 803 2112 At
829 2081 975 2122 praeter
1006 2078 1146 2112 hiatum
1180 2080 1295 2121 (quem
1320 2078 1394 2120 fuit
1419 2078 1483 2121 qui
1514 2076 1633 2112 istanc
1665 2079 1800 2122 scripto

275 2132 481 2176 removeret)
505 2133 624 2176 ipsum
644 2142 845 2176 pronomen
871 2132 1021 2175 offendit
1040 2134 1253 2175 puynatque
1289 2142 1369 2165 cum
1394 2131 1511 2165 verbis
1538 2132 1619 2165 uter
1648 2152 1685 2155 —
1717 2142 1801 2165 can-

276 2184 383 2219 tharo
400 2186 522 2229 (quam
543 2186 772 2228 offensionem
791 2189 925 2231 auqent
945 2197 988 2220 σω
1003 2188 1111 2229 parte
1130 2185 1324 2219 conamina
1339 2184 1484 2228 priora,
1504 2185 1601 2218 velut
1623 2184 1803 2229 Vahleni).

279 2237 439 2272 Ceterum
464 2250 495 2273 v.
525 2242 588 2272 191
619 2239 772 2273 exuuiae
799 2249 904 2273 erosa
935 2239 1019 2272 inde
1044 2249 1068 2271 a
1094 2237 1264 2272 Scutario
1289 2238 1478 2279 edebatur,
1513 2238 1578 2271 ubi
1604 2248 1711 2272 orosa
1730 2249 1803 2282 pro

276 2302 382 2325 crosa
409 2291 465 2325 ‘in
490 2293 587 2327 codd.
617 2293 787 2334 defecatis
812 2293 987 2336 scriptum
1012 2292 1096 2326 esse’
1127 2292 1218 2325 Pius
1244 2291 1343 2325 dicit.

397 2347 474 2377 19⁴2.
514 2344 674 2388 imperat
710 2345 815 2379 ‘alibi
851 2345 934 2388 leqi’
974 2345 1066 2379 Pius
1099 2345 1206 2379 elicit.-
1246 2347 1278 2378 et
1309 2345 1361 2378 sic
1393 2344 1565 2387 Scaliqcr.
1616 2342 1803 2388 imperant

283 2396 481 2440 Vssinqias.
534 2397 588 2439 Cf.
628 2397 821 2431 DIartialis
859 2397 928 2430 XI
959 2400 1028 2439 41,
1053 2399 1088 2432 2.
1141 2398 1191 2432 At
1222 2398 1354 2441 optimc
1390 2397 1594 2441 impetrant]
1627 2397 1803 2432 consentit

275 2460 355 2484 cum
381 2450 567 2484 verborum
591 2461 734 2494 neqare,
765 2451 901 2493 faeere,
933 2452 1061 2494 solere,
1091 2451 1169 2486 sim.
1201 2461 1272 2485 usu
1305 2452 1447 2485 cretico.
1500 2451 1595 2485 Mox
1619 2449 1803 2494 tantisper

276 2502 533 2546 perblandibur
562 2502 802 2538 Camerarius.

396 2559 473 2590 195.
503 2556 624 2590 ‘Inter
656 2568 687 2591 v.
714 2560 785 2591 193
818 2560 849 2591 et
882 2560 953 2592 195
985 2558 1158 2592 excidisse
1190 2568 1331 2592 versum
1364 2568 1443 2592 cum
1477 2558 1653 2593 sententia
1679 2559 1803 2602 arquit

276 2612 351 2643 tum
372 2610 638 2643 Ambrosianus
658 2609 791 2651 docuit,
818 2610 858 2643 in
877 2611 982 2644 cuius
1002 2612 1146 2655 paqina
1168 2614 1239 2645 409
1264 2622 1434 2655 suprema
1455 2612 1611 2645 duorum
1635 2621 1802 2645 versuum

274 2663 395 2705 spatia
423 2666 675 2706 apparuerunt
696 2674 765 2706 pro
791 2674 828 2697 co
860 2663 923 2706 qui
948 2664 1055 2708 vul-qo
1081 2668 1130 2698 cst
1156 2667 1236 2699 195.
1288 2665 1378 2708 chi
1403 2668 1522 2699 autem
1548 2664 1642 2698 nihil
1662 2663 1799 2708 potuit’

276 2714 322 2748 Ἡ.
382 2715 483 2749 Vnde
517 2716 601 2749 olim
636 2715 826 2760 Vssinyius
861 2718 1057 2760 temptabat
1091 2717 1157 2751 ER.
1194 2717 1303 2751 Falso
1335 2719 1376 2751 tu
1412 2719 1447 2751 te
1482 2728 1606 2751 amare
1634 2717 1705 2759 ais,
1739 2716 1803 2760 qui

276 2767 560 2802 maledicentem
588 2768 640 2802 sio
666 2768 780 2803 feras:
807 2767 903 2802 Nam
929 2780 955 2804 e.
977 2781 1007 2814 q.
1029 2772 1078 2804 s.!
1106 2771 1199 2804 Item
1225 2771 1432 2805 leariolatur
1458 2769 1653 2804 Rcblinius
1673 2770 1693 2804 l.
1715 2780 1741 2804 s.
1762 2781 1803 2811 s.,

275 2831 355 2853 cum
380 2824 470 2854 recte
499 2821 701 2864 Geppcrtus
731 2822 836 2856 Stud.
864 2821 916 2854 II
928 2833 967 2866 p.
989 2826 1037 2856 (2¹5
1051 2834 1099 2867 sq.
1127 2823 1344 2858 iudicaverit
1371 2824 1461 2867 (nisi
1487 2823 1582 2867 quod
1607 2831 1733 2857 UIDE'P
1759 2833 1803 2857 ea>

276 2884 377 2906 versa
414 2876 484 2907 103
517 2874 585 2919 lcyi
616 2875 706 2909 dicit
740 2876 780 2908 in
807 2875 929 2918 primo
950 2877 1113 2920 paqinac
1138 2887 1259 2919 versu,
1285 2877 1350 2911 ubi
1374 2877 1468 2911 nihil
1494 2876 1636 2921 leqitur,
1663 2876 1801 2910 exstitit

276 2930 394 2960 autem
432 2936 612 2962 Arminii*
643 2928 793 2974 potius).
866 2928 905 2963 V.
948 2932 1013 2963 195
1057 2930 1146 2963 (luce
1183 2929 1308 2963 Nonio
1352 2928 1425 2962 iam
1470 2928 1608 2962 dudum
1653 2928 1802 2972 oportet
