1946 3344
696 193 970 230 PRAEFATIO
1507 194 1593 230 XIII

63 306 106 347 in
129 304 408 359 inscriptione
429 319 606 346 scaenae
627 303 648 345 I
669 305 695 345 2
717 304 925 346 librorum
942 304 1079 347 BEJ
1093 320 1324 347 consensus
1344 305 1501 360 firmat,
1521 306 1593 346 sed

61 377 126 419 bis
167 376 319 418 deinde
363 376 510 417 lorarii
549 376 692 417 verbis
736 376 862 430 plene
912 377 1191 431 praescripsit
1232 376 1295 430 B,
1340 377 1469 418 semel
1513 377 1598 418 Lol

63 448 240 498 addens,
278 448 465 501 itemque
504 448 548 488 in
590 461 767 488 scaenae
800 446 842 488 II
876 448 898 489 1
943 447 1224 499 inscriptione
1265 447 1362 490 BE
1397 446 1504 502 (non
1536 446 1593 504 J)

62 516 336 575 praebent.*)
382 518 498 568 Quae
527 533 623 560 cum
657 519 743 560 iam
772 518 990 560 sufficiant
1018 519 1069 560 ad
1098 533 1244 560 casum
1274 519 1595 573 excludendum,

62 591 227 632 accedit
259 591 378 632 locus
407 589 533 631 Gellii
559 589 599 631 X
629 590 668 644 3,
699 590 764 643 19,
796 590 868 630 ubi
901 590 1042 644 prima
1076 591 1188 645 apud
1221 590 1447 632 Hertzium
1481 591 1591 632 codi—

61 676 155 702 cum
187 661 354 702 familia
376 659 548 717 (QZB)
571 661 710 702 Zolarz'z'
743 661 1004 715 scripturam
1037 660 1223 703 exhibet.
1267 661 1418 716 Itaque
1446 677 1593 716 quam-

61 733 123 775 vis
162 735 279 774 certa
319 732 375 774 sit
407 733 587 774 Zorarius
627 732 769 773 forma
809 735 851 773 et
889 747 940 773 ex
977 732 1170 774 codicum
1213 734 1421 774 memoria
1461 735 1504 774 et
1543 748 1593 774 ex

62 804 417 858 inscriptionibus
452 804 710 858 quibusdam
746 806 789 844 et
815 818 863 844 ex
893 803 1169 858 etymologia,
1202 803 1297 857 ipsa
1328 806 1475 844 tamen
1509 806 1594 858 ety-

61 875 251 930 mologia
283 876 512 931 quominus
546 889 679 916 sonus
717 875 1022 916 immutaretur
1055 889 1142 916 non
1184 875 1324 929 magis
1358 875 1595 929 impedivit,

61 961 187 1002 quam
228 947 270 988 in
318 945 545 989 ‘caeruleo'
585 962 610 988 a
649 945 798 987 ‘caelo’
846 945 1076 987 derivando
1118 948 1160 987 et
1198 947 1242 987 in
1282 945 1531 988 ‘Parilibus'
1571 962 1595 988 a

61 1017 190 1059 ‘Pale'
220 1018 359 1060 dictis.
403 1017 521 1067 Quae
554 1018 650 1072 ipsa
683 1018 879 1071 exempla
911 1032 998 1058 una
1031 1032 1126 1058 cum
1156 1016 1352 1071 ‘pluralis
1376 1042 1430 1047 —
1452 1019 1595 1072 singu-

60 1088 177 1130 laris'
191 1090 545 1131 terminationum
561 1089 858 1131 vicissitudine
880 1089 1060 1142 aliisque
1082 1089 1234 1130 formis
1244 1087 1317 1144 **)
1341 1090 1391 1130 ad
1419 1104 1592 1130 causam

60 1161 375 1202 immutationis
418 1161 644 1202 deducunt.
707 1160 848 1210 Quare
891 1160 1065 1201 lolarz‘us
1106 1160 1288 1201 formam
1332 1164 1379 1201 ut
1420 1161 1592 1201 minime

62 1232 353 1274 contenderim
389 1233 442 1274 ab
475 1233 571 1286 ipso
605 1231 758 1273 Plauto
802 1231 1046 1273 adhibitam
1080 1245 1172 1272 esse
1205 1232 1248 1272 in
1281 1230 1493 1286 Captivis,
1530 1232 1594 1273 ita

65 1306 131 1345 sat
163 1304 340 1358 antiqua
373 1306 517 1345 aetate
551 1307 594 1345 et
625 1303 669 1344 in
702 1303 783 1344 hac
809 1303 956 1344 fabula
989 1305 1031 1344 et
1063 1302 1198 1344 aliubi
1230 1303 1385 1344 lectam
1420 1303 1592 1344 dictam-

63 1390 144 1430 que
185 1390 276 1417 esse
318 1378 458 1430 patet,
501 1375 614 1417 unde
656 1375 702 1416 in
745 1374 1098 1416 adnotationibus
1141 1373 1302 1416 diutius
1346 1375 1593 1416 delitescere

60 1447 192 1489 nolui.

181 1518 313 1560 Paulo
345 1518 483 1560 fusius
517 1518 640 1560 video
674 1518 725 1559 de
756 1518 899 1559 Acidis
931 1518 1207 1571 Aleorumque
1243 1517 1415 1558 nomine
1448 1517 1592 1571 dispu-

61 1589 237 1631 tandum
280 1604 372 1631 esse
413 1590 459 1630 in
500 1589 582 1631 hac
621 1588 769 1630 fabula
814 1588 1038 1643 frequenti.
1111 1588 1233 1638 Quod
1275 1603 1368 1630 cum
1409 1589 1511 1629 olim
1552 1591 1594 1629 et

63 1661 216 1702 Aulide
257 1664 385 1715 atque
425 1661 529 1703 adeo
569 1660 879 1701 Aulidensibus
919 1660 1195 1714 interpolatis
1235 1662 1277 1701 et
1317 1659 1412 1700 aliis
1454 1663 1591 1701 muta-

61 1732 251 1774 tionibus
273 1732 475 1788 vitiisque
502 1732 776 1786 removerint,
798 1731 1022 1772 Turnebus
1050 1732 1221 1772 demum
1242 1731 1421 1773 Advers.
1443 1730 1592 1771 XXIII

62 1803 128 1846 24.
151 1802 259 1858 Opp.
280 1803 302 1844 I
333 1819 372 1858 p.
396 1805 463 1858 71,
497 1803 551 1845 38
587 1802 645 1843 ‘et
676 1802 758 1843 fide
786 1802 995 1844 librorum
1029 1805 1223 1844 veterum
1257 1805 1300 1843 et
1333 1802 1591 1844 auctoritate

62 1889 202 1916 rerum
246 1873 470 1917 adductus'
514 1874 683 1916 Alidem
729 1875 771 1915 et
812 1874 934 1915 Alios
967 1871 1153 1915 Aleosve
1196 1873 1457 1915 reducendos
1500 1888 1592 1914 esse

62 1945 388 2002 intellexit***).
433 1946 524 1988 Iam
557 1960 658 1987 vero
693 1943 946 2000 Spengelius
973 1945 1130 1987 Philol.
1151 1944 1360 1986 XXXVII
1383 1946 1435 1998 (a.
1460 1942 1590 1999 1877)

62 2031 102 2070 p.
132 2017 218 2060 416
235 2032 296 2072 sq.
330 2018 533 2074 quoniam
573 2017 744 2071 saepius
777 2016 857 2058 hoc
890 2016 1032 2071 ipsum
1070 2030 1228 2057 nomen
1263 2031 1359 2057 cum
1391 2016 1512 2057 hiatu
1546 2016 1589 2056 in

62 2087 185 2130 libris
218 2089 388 2143 legitur,
421 2089 473 2130 ad
507 2089 794 2142 antiquiorem
828 2088 958 2128 etiam
996 2088 1180 2128 formam
1214 2087 1483 2128 dialecticam
1516 2101 1591 2140 per

63 2158 281 2214 digamma
322 2164 489 2201 auctam
534 2158 805 2214 provocavit:
851 2173 958 2214 quae
1001 2173 1096 2199 cum
1140 2159 1245 2200 locis
1289 2161 1460 2199 tantum
1503 2172 1590 2199 non

64 2231 259 2272 omnibus
286 2231 437 2285 reponi
463 2231 612 2285 possit,
646 2244 753 2284 quae
782 2230 1085 2271 contradicunt
1117 2230 1311 2283 exempla
1338 2229 1592 2284 corrigenda

64 2303 158 2342 esse
191 2301 320 2343 duxit.
385 2303 525 2358 Atque
564 2301 781 2357 persuasit
814 2299 1069 2355 Spengelius
1114 2301 1281 2342 duobus
1320 2301 1425 2341 viris
1468 2300 1589 2341 Plau—

157 2417 191 2463 *)
217 2417 355 2453 Contra
380 2419 418 2453 in
438 2429 593 2454 scaenae
613 2418 663 2451 ΠΙ
685 2421 705 2451 5
732 2415 976 2460 inscriptione
1003 2416 1116 2452 etiam
1131 2417 1215 2451 BE
1234 2415 1590 2451 habent'LORARlI

63 2480 181 2515 neque
196 2472 344 2507 diversa
357 2474 415 2508 est
430 2472 607 2520 memoria
622 2482 838 2506 scaenarum
853 2469 929 2504 Mil.
946 2469 1031 2515 gl.V
1047 2475 1076 2514 1,
1092 2470 1186 2506 Men.
1202 2470 1233 2503 V
1250 2475 1280 2513 7,
1299 2469 1444 2504 Most.V
1459 2468 1498 2503 1¹>
1513 2470 1589 2513 (A),

66 2522 193 2559 Pseud.
218 2525 231 2558 l
254 2525 349 2560 2vel
374 2526 410 2560 in
439 2526 608 2560 Rudente
635 2524 712 2570 (ubi
739 2526 865 2557 tamen
891 2524 926 2557 B
953 2525 1054 2558 caret
1079 2523 1227 2558 omnino
1254 2522 1587 2567 inscriptionibus).

158 2578 214 2624 **)
238 2579 373 2615 Nescio
400 2592 445 2615 an
471 2580 517 2614 ab
545 2578 675 2614 eadem
708 2577 852 2613 ratione
879 2576 1046 2621 profecta
1074 2577 1122 2611 sit
1149 2576 1353 2612 formarum
1382 2575 1589 2619 ‘puerarius

67 2650 108 2656 —
134 2632 352 2676 puellarius’
374 2632 605 2674 vicissitudo,
634 2632 678 2665 de
705 2631 838 2675 quibus
865 2630 909 2665 cf.
938 2630 1103 2665 Havetus
1128 2630 1165 2664 in
1188 2628 1394 2664 Woelfflini
1420 2628 1555 2662 Arellio
1578 2628 1588 2660 l

64 2695 97 2728 p.
116 2689 197 2720 194:
226 2684 263 2719 in
289 2686 420 2720 eodem
436 2685 571 2721 Archio
600 2684 647 2718 III
674 2697 707 2728 p.
725 2687 793 2718 540
821 2686 921 2717 recte
948 2685 1092 2719 monuit
1118 2684 1385 2718 Thielmannus
1413 2693 1484 2715 uon
1510 2682 1588 2714 sinc

66 2735 360 2773 dissimilationis
394 2738 517 2774 studio
549 2737 590 2772 in
621 2750 640 2772 φ’
674 2737 810 2772 litteris
846 2738 1031 2782 syllabam
1059 2735 1364 2772 concludentibus
1392 2734 1588 2778 conspicuo

65 2791 215 2835 vulgum
243 2803 287 2826 ex
314 2791 539 2827 ‘meretrice’
569 2791 731 2826 effecisse
761 2789 1076 2835 ‘mene(t)ricem'.

160 2843 232 2888 ***)
260 2844 350 2880 Post
375 2856 484 2891 qucm
511 2842 732 2879 Gulielmius
761 2844 909 2885 Quaest.
936 2844 975 2878 in
996 2843 1099 2888 Capt.
1116 2855 1149 2887 p.
1167 2847 1234 2876 3:36
1262 2841 1400 2874 formae
1424 2839 1501 2873 Alis
1521 2851 1587 2884 pro

66 2893 142 2929 Elis
162 2896 306 2940 positae
326 2909 397 2932 non
425 2897 539 2932 aliam
568 2908 647 2931 esse
675 2907 823 2931 causam
852 2896 1009 2932 credidit
1035 2907 1143 2940 quam
1169 2894 1273 2927 Aliae
1295 2893 1442 2936 dieique
1463 2892 1586 2927 Alien-

66 2947 115 2982 sis
140 2949 439 2986 similitudinem!
