1946 3344
272 169 358 203 XVI
886 168 1162 202 PRAEFATIO

270 277 534 319 contrarium
562 291 729 331 quoque
757 276 929 330 accidit,
955 276 1074 318 velut
1100 275 1239 330 primo
1267 276 1415 317 statim
1443 279 1647 332 exemplo.
1687 277 1799 320 Nam

271 364 306 390 v.
344 349 427 390 166
461 349 641 390 exeunte
674 348 792 389 deest
823 348 987 402 rectius,
1020 347 1133 401 quod
1167 346 1336 388 Reizius
1369 346 1675 404 Bentleiusque
1703 364 1799 404 sup-

271 420 517 474 pleverunt:
549 419 635 460 iam
662 434 698 461 V.
732 418 812 461 186
829 433 890 473 sq.
921 418 1048 459 initia
1081 418 1254 459 desuntt
1287 420 1413 473 atque
1446 419 1717 462 intercedunt
1748 421 1796 462 17

269 490 445 545 senarii,
488 504 667 532 scaenae
710 490 936 544 inscriptio
976 504 1169 545 unusque
1208 503 1357 531 versus
1398 489 1648 546 Reizianus,
1689 491 1800 532 unde

269 562 324 603 ΞΟ
357 577 505 603 versus
540 561 745 616 paginam
779 561 998 615 archetypi
1026 561 1288 602 continuisse
1317 564 1628 615 computamus,
1679 561 1801 611 Quod

269 647 368 674 vero
396 633 478 675 duo
506 633 661 674 desunt
686 632 825 687 initia,
857 647 965 673 unus
993 632 1143 687 exitus,
1173 631 1299 673 facile
1329 632 1565 686 explicatur
1586 648 1636 675 ex
1656 649 1693 676 v.
1718 634 1797 675 167

270 704 502 758 brevitate,
534 705 605 759 qui
637 705 838 746 lacunam
871 718 958 745 non
993 703 1200 758 attigerit.

386 775 574 831 Egregie
602 775 830 817 confirmat
856 775 1038 816 alterum
1067 775 1321 829 exemplum.
1369 773 1475 816 Cum
1503 775 1618 816 enim
1644 776 1688 816 in
1713 776 1796 816 fine

268 863 304 889 V.
337 848 421 889 237
454 849 553 900 post
575 845 760 903 palestss)
794 847 1084 902 suppleverim
1116 860 1188 887 ra:
1221 860 1282 887 em
1309 846 1393 900 tibi,
1426 848 1578 900 postea
1604 846 1798 888 intellexi

267 918 348 960 hoc
381 919 608 960 cohaerere
641 933 736 960 cum
770 917 937 959 defectu
970 933 1007 959 v.
1040 917 1143 968 256,
1186 917 1260 958 ubi
1301 917 1426 958 initio
1459 917 1586 958 Hune
1616 918 1800 971 quisquis

266 989 402 1031 deest:
440 990 526 1031 iam
566 1004 615 1031 ex
649 989 890 1031 Flekeiseni
933 988 1213 1043 discriptione
1250 988 1302 1030 18
1336 1003 1485 1030 versus
1518 989 1800 1042 intercedunt,

267 1076 316 1102 ex
348 1064 498 1104 nostra
530 1062 600 1104 20.
650 1061 785 1103 Porro
819 1076 857 1102 v.
890 1060 976 1101 295
1008 1059 1132 1101 initio
1161 1058 1315 1102 Cotidie
1348 1059 1487 1101 deest:
1518 1074 1655 1115 neque
1683 1060 1800 1102 dubi-

265 1134 378 1174 tabis
410 1134 513 1188 quin
545 1148 640 1175 cum
672 1133 754 1175 hoc
786 1132 955 1174 defectu
988 1131 1161 1186 gravior
1195 1131 1462 1186 ampliorque
1489 1131 1619 1172 turba
1645 1131 1793 1173 cohae-

265 1207 371 1259 reat,
405 1219 532 1259 quam
566 1220 602 1246 v.
636 1204 721 1245 312
737 1219 797 1258 sq.
830 1206 920 1244 tam
954 1203 1084 1244 verba
1115 1216 1345 1256 versusque
1379 1217 1510 1257 quam
1542 1202 1651 1243 mira
1682 1202 1727 1243 in
1753 1202 1797 1244 B

267 1276 489 1331 discriptio
523 1275 728 1317 ostendit:
772 1289 971 1316 scaenam
1011 1275 1153 1315 autem
1191 1272 1527 1314 intercedentem
1565 1287 1798 1328 versusque

265 1347 482 1402 longiores
522 1347 559 1388 si
595 1347 855 1402 respexeris,
891 1346 974 1387 hoc
1012 1359 1181 1399 quoque
1220 1344 1314 1386 loco
1347 1344 1475 1385 facile
1509 1344 1564 1386 20
1597 1359 1796 1386 versuum

266 1419 478 1461 ambitum
511 1418 681 1460 efficies.

384 1489 584 1532 Fortasse
630 1504 683 1531 ne
727 1489 770 1530 id
816 1488 988 1543 quidem
1034 1488 1151 1529 casui
1194 1486 1493 1541 tribuendum,
1543 1486 1657 1542 quod
1701 1501 1797 1528 cum

264 1577 301 1603 v.
328 1562 412 1603 457
448 1561 585 1603 exitus
618 1560 795 1602 mutilus
830 1560 903 1614 sit,
936 1561 1063 1601 antea
1094 1558 1458 1600 intercedentibus
1487 1559 1510 1599 7
1546 1558 1725 1600 senariis
1752 1560 1795 1598 et

269 1634 319 1675 11
363 1633 617 1687 septenariis
657 1632 761 1673 item
800 1631 973 1672 turbam
1012 1630 1254 1684 graviorem
1299 1630 1427 1685 longe
1467 1629 1552 1671 alio
1591 1632 1633 1670 et
1677 1629 1795 1671 testi-

265 1705 408 1746 monio
442 1707 485 1746 et
517 1706 771 1759 argumento
805 1717 907 1744 usus
941 1702 1085 1743 statui.
1137 1700 1254 1750 Quae
1288 1701 1323 1742 si
1356 1700 1587 1742 cohaerent
1612 1701 1795 1755 utroque

265 1776 358 1818 loco
404 1775 595 1817 defectus
640 1774 771 1816 latius
822 1776 974 1828 postea
1019 1772 1194 1827 serpsit,
1245 1772 1357 1827 quod
1403 1772 1580 1813 minime
1624 1771 1793 1813 mirum.

264 1846 385 1896 Quod
424 1862 524 1889 vero
565 1849 692 1888 antea
730 1861 766 1887 v.
799 1846 884 1887 417
902 1860 961 1899 sq.
1004 1847 1194 1885 extrema
1232 1843 1440 1885 vocabula
1479 1843 1649 1897 desunt,
1686 1842 1794 1884 nihil

264 1919 493 1973 respondet
504 1917 583 1975 W).

381 1989 500 2032 Idem
535 1990 682 2032 cadere
709 1989 874 2031 videtur
906 1988 951 2028 in
976 2002 1012 2028 v.
1039 1987 1122 2028 497
1159 1990 1278 2028 sexto
1314 1986 1418 2041 pede
1446 1987 1679 2028 carentem:
1714 1984 1788 2026 sed

263 2061 431 2103 videtur
462 2064 633 2103 tantum
665 2061 803 2116 primo
838 2060 1003 2101 obtutu.
1054 2058 1168 2100 Nam
1200 2073 1237 2100 v.
1264 2058 1347 2099 537
1383 2072 1478 2099 cum
1510 2071 1588 2111 pro
1622 2056 1791 2097 senario

266 2135 406 2175 exstet
447 2132 697 2188 ‘quinarius'
743 2134 831 2173 tam
876 2132 922 2172 in
960 2128 1098 2172 BC‘D
1142 2144 1270 2184 quam
1309 2129 1353 2170 in
1387 2129 1428 2170 A
1465 2129 1566 2182 post
1608 2127 1790 2168 aliorum

357 2284 390 2328 ⁴⁴²)
410 2283 483 2318 Ubi
505 2297 544 2304 κ
570 2295 705 2319 nomen
724 2283 914 2328 proprium
940 2281 1149 2326 significare
1176 2282 1324 2317 videtur
1344 2280 1403 2325 (ct.
1420 2280 1467 2315 ad
1482 2279 1629 2315 Trucul.
1645 2291 1677 2314 v.
1693 2280 1788 2323 266).

264 2337 435 2372 Ceterum
463 2337 610 2382 saepius
636 2336 703 2371 illa
728 2336 870 2371 ratione
897 2346 955 2370 me
982 2347 1056 2370 non
1081 2336 1223 2370 motum
1249 2346 1340 2380 esse,
1365 2334 1429 2369 sed
1449 2334 1580 2378 postea
1599 2332 1788 2367 confirma-

261 2392 352 2434 tum,
379 2390 439 2425 vel
464 2390 548 2424 inde
575 2389 772 2435 intelleges
798 2389 897 2434 quod
922 2401 1007 2424 mox
1033 2387 1243 2433 exemplum
1269 2387 1456 2432 proferam
1475 2397 1549 2420 non
1570 2387 1669 2421 recte
1689 2396 1711 2420 a
1730 2396 1788 2419 me

261 2446 473 2488 tractatum,
495 2455 578 2478 cum
599 2444 692 2478 haec
713 2442 818 2478 finita
838 2442 986 2478 demum
1006 2441 1220 2477 recensione
1241 2442 1279 2476 et
1298 2452 1341 2476 ex
1359 2441 1465 2485 parte
1485 2439 1585 2484 typis
1607 2440 1790 2484 exscripta

261 2499 372 2543 plane
398 2496 661 2542 perspexerim.

331 2551 385 2595 W)
414 2551 514 2593 Quae
536 2561 620 2584 cum
639 2549 694 2584 ita
714 2549 804 2592 sint,
831 2550 1105 2595 neglegendum
1127 2560 1201 2584 non
1221 2548 1291 2582 erit
1310 2547 1347 2581 iu
1374 2546 1495 2592 priore
1516 2558 1623 2582 versu
1644 2548 1787 2592 uesperi

262 2606 347 2650 post
370 2605 493 2639 uenies
526 2614 601 2638 non
631 2602 753 2636 minus
779 2602 887 2637 facile
920 2603 966 2637 ob
994 2602 1114 2637 simile
1140 2600 1312 2637 vocabuli
1345 2600 1534 2635 exordium
1565 2599 1787 2635 intercidere

261 2658 437 2703 potuisse,
466 2668 576 2703 quam
602 2655 640 2690 in
667 2657 797 2699 altero,
824 2655 887 2690 ubi
906 2657 990 2700 post
1014 2656 1160 2690 inanem
1181 2653 1456 2689 coniunctivum
1476 2652 1709 2697 requirimus,
1737 2653 1785 2686 si-

261 2711 361 2746 milis
387 2709 601 2746 terminatio
627 2709 760 2745 vitium
792 2720 986 2754 procreare
1012 2707 1145 2753 potuit.
1197 2707 1293 2741 Nam
1325 2706 1472 2750 practer
1499 2716 1648 2740 causam
1673 2716 1785 2748 quam

261 2776 372 2811 supra
398 2765 510 2799 altius
536 2763 776 2808 repetivimus
803 2764 916 2797 etiam
942 2759 1125 2796 eiusmodi
1158 2758 1383 2794 detrimenta
1408 2758 1618 2793 Rudentem
1645 2757 1784 2803 cepisse

264 2821 322 2853 sat
348 2818 467 2853 multa
493 2816 662 2862 exempla
688 2816 859 2862 probant.
911 2815 1082 2850 Ceterum
1109 2825 1142 2848 v.
1170 2817 1237 2847 417
1254 2824 1306 2855 sq.
1333 2812 1454 2846 minus
1480 2813 1580 2846 recte
1606 2811 1783 2846 Herman-

260 2883 328 2906 nus
356 2872 559 2907 scribebat:
592 2871 625 2906 si
650 2881 725 2906 ‘now
749 2870 884 2912 venies,
910 2870 966 2904 ita
990 2870 1046 2903 uti
1071 2877 1169 2902 mmo
1209 2866 1213 2911 Ι
1254 2866 1489 2909 Asl'ectatam:
1515 2865 1610 2899 enim
1636 2876 1666 2898 e.
1694 2877 1727 2909 q.
1755 2876 1781 2899 S.

262 2925 314 2960 Cf.
343 2926 456 2960 ctiam
485 2924 725 2961 Mercklinius
752 2923 875 2969 Symb.
904 2922 951 2957 ad
978 2922 1081 2957 Cure.
1110 2921 1163 2956 Pl.
1192 2919 1248 2954 ed.
1276 2918 1387 2963 Dorp.
1415 2928 1445 2952 a.
1476 2921 1564 2953 1862
1593 2930 1627 2962 p.
1653 2921 1685 2952 8.
