1946 3344
779 187 810 221 A
817 186 1025 221 PPENDIX
1584 185 1667 227 103

142 288 234 320 recte
259 286 436 329 ceteroqui
461 285 504 320 de
528 284 593 318 h‘ic
614 283 829 328 pronomine
848 283 1060 327 disputans:
1079 285 1165 327 post
1183 293 1285 327 quem
1304 283 1347 317 cle
1373 281 1441 317 loci
1466 282 1673 327 inteqritate

139 347 204 372 suo
230 338 310 372 iure
335 337 517 372 dubitavit
543 336 739 382 Seyffertus
779 356 820 360 ——
861 347 948 371 nam
973 335 1034 371 hic
1059 336 1273 372 adverbium
1306 336 1486 381 ineptum,
1521 335 1672 371 subiecti

139 391 360 435 siqniftcatio
379 394 464 435 post
489 401 593 425 meus
618 401 681 424 rex
706 389 919 424 necessaria.

236 447 314 478 101.
342 442 492 487 quicum
517 454 666 478 servans
691 454 798 478 suum
823 444 889 478 del.
915 442 1113 478 Bentleius.

236 500 301 532 102
316 507 388 542 sqq.
440 495 543 538 Quod
576 496 644 540 &go
677 495 827 540 quidem
860 496 970 530 nimis
998 496 1169 542 Pylades.
1198 517 1239 521 —
1273 496 1382 542 cupio
1410 507 1519 531 senex
1546 495 1672 531 Fleck-

139 551 289 586 eisenus.
317 549 425 594 cupio
458 561 555 584 nunc
582 549 813 585 Ritselielius.
852 549 986 584 misere
1019 549 1126 595 cupio
1158 550 1365 594 Bentleius,
1397 549 1531 595 cupide
1564 549 1672 594 cupio

140 604 353 649 Spenqelius
379 603 511 639 Pliilol.
542 603 692 637 XXIV
710 614 749 648 p.
777 605 861 647 350,
891 612 966 638 non
990 607 1082 638 recte
1113 604 1372 646 confundentes
1399 604 1595 638 locutiones
1618 602 1673 636 ni-

138 657 208 692 mis
234 668 345 702 quam
378 656 487 702 cupio
520 660 552 692 et
577 656 686 690 nimis
719 657 773 691 vel
804 667 916 700 quam
950 657 1084 693 misere
1111 656 1272 701 (cupide)
1307 657 1426 701 cupio.
1478 656 1673 692 Structura

138 711 246 756 cupio
271 712 313 745 ut
337 711 515 755 impetret
540 721 621 745 cum
645 711 821 746 inaudita
844 712 893 746 sit
918 731 962 736 —
987 722 1074 746 nam
1097 720 1288 755 perperam
1311 709 1391 745 Cas.
1415 710 1470 744 II
1495 712 1530 753 3,
1557 713 1602 745 49
1617 720 1668 755 sq.

139 765 363 809 comparavit
398 764 620 799 Seluworius
651 765 694 799 cle
718 774 770 799 v'r
802 765 894 800 coni.
928 776 986 809 ap.
1014 764 1075 798 Pl.
1102 764 1155 799 ed.
1182 775 1215 797 α.
1243 766 1342 798 1885
1367 764 1548 808 (Monast.
1574 765 1670 807 nov.)

133 829 172 862 p.
190 821 213 853 6
234 838 273 843 -—
297 818 423 852 melius
436 818 500 852 hoe
514 818 563 852 acl
577 818 748 852 lacunam
768 818 981 863 eoeplendam
1001 817 1211 852 adhibueris
1231 827 1340 861 quam
1360 817 1408 851 ad
1433 817 1672 861 suspicionem

137 872 180 906 de
210 882 315 906 versu
354 874 474 915 aperte
512 874 682 915 corrupto
714 872 934 907 movendam.
1007 871 1132 906 Possis
1170 870 1280 904 etiam
1312 868 1420 913 cupio
1459 871 1593 914 exopto
1619 871 1673 905 vel

139 926 294 969 expecto
325 925 378 969 (et
404 925 493 968 opto
519 924 754 969 Niemeyerus
782 925 924 960 ‘Zsclirz
953 925 980 967 f.
1010 924 1142 969 Gymu.
1168 923 1227 958 ποκ’
1256 935 1289 957 a.
1316 925 1416 957 1885
1442 934 1481 967 p.
1511 926 1602 967 362,
1631 927 1674 958 ut

138 979 214 1022 ipse
228 989 260 1013 a.
278 980 379 1013 1882
405 978 446 1012 in
470 978 614 1022 scholis)
639 979 681 1012 ut
699 977 878 1022 impetret
903 979 958 1013 vel
984 978 1092 1023 cupio
1120 989 1203 1012 eum
1230 976 1504 1021 impetrassem.
1540 976 1673 1012 Versus

138 1033 212 1066 102
227 1041 265 1075 sq
297 1041 376 1066 cum
403 1031 599 1065 transitum
625 1034 761 1075 parent
786 1031 835 1066 acl
860 1042 892 1066 v.
922 1034 994 1067 108
1007 1043 1055 1077 sq.
1084 1031 1313 1076 aptissimum
1343 1032 1566 1076 insequentes
1593 1043 1672 1066 cum

138 1084 179 1119 ob
206 1085 302 1119 alias
332 1085 491 1120 rationes
524 1085 713 1127 offendunt
745 1097 767 1119 a
793 1084 971 1130 Lanqeno
1003 1085 1185 1130 expositas
1217 1084 1325 1129 (adde
1350 1084 1475 1120 Plaut.
1504 1084 1608 1120 Stucl.
1630 1096 1669 1129 p.

137 1138 225 1181 271)
253 1140 329 1172 tum
353 1138 442 1182 quia
461 1148 492 1171 υ.
515 1140 587 1172 107
612 1158 650 1162 -
671 1138 736 1172 ubi
763 1137 965 1183 Condignis
991 1141 1098 1183 pater
1125 1137 1204 1173 eius
1231 1139 1287 1172 est
1313 1138 1479 1173 moratus
1506 1138 1670 1173 moribus

137 1191 295 1226 Botliius
328 1212 368 1216 —
404 1194 525 1236 aperte
544 1194 692 1236 puqnat
717 1202 798 1226 eum
817 1192 1026 1236 prioribus,
1059 1192 1124 1227 ubi
1155 1193 1196 1226 in
1227 1201 1301 1226 uuo
1331 1191 1408 1234 filio
1439 1202 1536 1236 spem
1562 1194 1671 1237 pouit

132 1245 336 1289 parasitus.

235 1301 313 1332 104.
339 1297 456 1332 Nulla
487 1299 545 1333 est
575 1298 780 1333 iuuentutis
814 1309 897 1343 spes
926 1298 1096 1344 Pylades.
1130 1298 1234 1332 nulla
1264 1296 1471 1333 iuuentutis
1505 1299 1562 1333 θεὴ
1587 1309 1670 1344 spes

138 1351 325 1396 Bothiu83,
356 1351 578 1387 Ritsclielius
611 1352 752 1397 Proley.
778 1363 817 1397 p.
853 1350 1050 1387 CCXXX.
1101 1350 1253 1385 Nullast
1289 1362 1371 1396 spes
1403 1350 1442 1385 in
1476 1351 1670 1386 iuuentute

139 1404 338 1439 Muellerus
365 1405 468 1440 Pros.
490 1416 530 1449 p.
559 1408 590 1440 5.
642 1405 792 1440 Nullast
818 1414 903 1448 spes
929 1404 1005 1439 iam
1029 1403 1234 1439 iuuentutis
1267 1404 1468 1447 Vssinqius.

236 1461 312 1492 109.
340 1457 448 1492 Vnde'
475 1459 577 1493 satur
603 1460 716 1502 atque
744 1470 770 1493 s.
791 1468 820 1492 e.
843 1468 873 1492 e.
895 1468 925 1492 e.
953 1458 1167 1502 Speuqelius
1192 1457 1327 1493 Pliilol.
1356 1457 1508 1492 XXIV
1526 1469 1564 1502 p.
1588 1461 1669 1493 735.

139 1512 196 1546 De
222 1510 320 1545 exiui
346 1512 465 1554 forma
491 1511 535 1554 ef.
563 1511 847 1556 Enqelbreehtus
874 1510 978 1546 Stucl.
1009 1510 1160 1546 Vindob.
1189 1512 1254 1546 rol.
1289 1511 1350 1545 VI
1370 1522 1408 1555 p.
1430 1514 1506 1546 232
1519 1522 1604 1556 sqq„
1629 1512 1671 1546 cle

139 1565 262 1599 ebrius
290 1563 446 1600 Casinae
472 1565 556 1599 III
581 1567 614 1607 6,
641 1567 689 1600 18
717 1565 976 1609 (alienissimus
1001 1567 1049 1598 est
1077 1565 1174 1599 locus
1202 1564 1306 1599 Cure.
1333 1575 1364 1598 v.
1392 1567 1463 1599 318
1489 1576 1512 1598 a
1535 1565 1670 1600 Brioeio

138 1618 324 1653 adhibitus
343 1645 349 1652 .

234 1619 516 1707 110.)Aduorte
544 1671 708 1706 animum
736 1672 806 1706 hue
839 1671 904 1706 sis:
924 1670 1021 1706 istos
1050 1670 1323 1707 Fleckeisenus:
1355 1672 1399 1714 ef.
1427 1671 1668 1717 Bruqmanus

139 1726 159 1760 l.
207 1753 213 1761 .
241 1736 267 1760 s.
322 1754 329 1760 .
383 1729 413 1760 6.

186 1736 204 1761 S
236 1737 318 1814 1111.2
340 1729 436 1814 {ere
465 1778 706 1814 Camerarius.
735 1799 778 1804 —-
805 1779 851 1812 de
877 1777 1016 1823 praeda.
1043 1778 1116 1812 emi
1143 1777 1188 1813 de
1215 1778 1474 1822 quaestoribus
1501 1778 1667 1813 Botlzius.

138 1833 212 1868 emi
238 1843 257 1867 e
283 1832 422 1877 praeda
448 1833 493 1867 de
520 1844 579 1877 qn.
614 1832 809 1878 Vssinqius
840 1832 948 1867 etiam
980 1832 1043 1866 lzoe
1070 1832 1157 1875 loco,
1185 1832 1250 1866 ubi
1269 1832 1502 1876 probabilius
1526 1833 1670 1867 videtur

140 1898 162 1920 a
183 1888 267 1930 post
291 1884 431 1929 praeda
456 1885 571 1919 deleta
597 1884 642 1919 de
669 1896 712 1920 eac
737 1897 768 1921 v.
797 1887 843 1919 34
868 1885 1128 1929 interpolatum
1153 1896 1236 1929 esse,
1262 1885 1327 1920 ubi
1350 1885 1483 1920 videas.

234 1942 312 1972 11⁶2.
340 1938 416 1972 Has
442 1937 606 1973 Koclzius
631 1938 713 1973 Em.
736 1939 861 1973 Plaut.
883 1948 924 1982 p.
950 1937 1012 1973 VI.
1064 1938 1122 1973 De
1146 1937 1181 1972 Is
1208 1939 1300 1973 adde
1327 1938 1566 1973 Schmidt-ium
1593 1940 1614 1974 l.
1640 1951 1667 1976 s,

137 2004 164 2028 s.
186 2003 226 2037 p.
253 1994 302 2028 32
330 1991 687 2037 Studemunclumque
713 1994 733 2029 l.
760 2004 786 2029 s.
815 2004 842 2028 s.
863 2004 903 2038 p.
932 1994 988 2027 64.
1037 1991 1095 2026 De
1126 1992 1266 2027 eatenis
1300 1992 1514 2037 singulariis
1545 1993 1670 2027 varias

136 2047 346 2091 pariterque
365 2046 594 2090 importunas
613 2047 872 2091 explicationes
891 2046 1145 2091 excogitarunt
1157 2045 1315 2089 homines
1329 2046 1426 2081 docti
1444 2056 1519 2080 non
1538 2047 1669 2081 detecto

138 2100 228 2134 vitio
254 2099 401 2144 vulqari
426 2098 544 2134 uincti
565 2110 635 2144 pro
660 2099 778 2135 iuncti
804 2112 834 2136 v.
861 2102 943 2135 113.

235 2155 312 2187 118.
339 2153 425 2197 post
449 2151 555 2186 illam
574 2164 775 2197 numquam
797 2153 1007 2188 dubitanter
1022 2152 1243 2188 Ritsclzelius
1264 2153 1409 2199 ProZeq.
1420 2165 1459 2198 p.
1478 2153 1674 2189 CCXXII

139 2206 429 2250 (assentientibus
475 2205 708 2242 Fleckeiseno
746 2207 1043 2252 Bruqmanoque)
1093 2216 1176 2241 moa·
1225 2205 1377 2251 postilla
1421 2209 1516 2251 (eum
1562 2208 1669 2244 Valla

139 2260 324 2295 Saraeeno
352 2260 494 2306 Pylade
520 2259 707 2305 Scaliqero
733 2261 833 2304 aliis)
861 2270 1055 2305 aqnoseens
1084 2259 1212 2304 Opuse.
1242 2261 1297 2294 II
1315 2271 1354 2304 p.
1382 2263 1462 2295 545.
1494 2262 1668 2305 postillac

138 2313 297 2348 Brixius
317 2323 523 2358 provocans
545 2313 594 2348 ael
613 2312 850 2348 Ritsclzelium
876 2314 897 2348 l.
918 2323 945 2349 3.
966 2323 993 2347 s.
1019 2324 1223 2357 numquam
1243 2313 1445 2358 postillam)
1475 2314 1668 2359 leqitimam

139 2376 210 2401 esse
235 2366 485 2401 demonstrans
511 2366 797 2410 collocationem,
834 2377 942 2411 quam
966 2365 1026 2401 hie
1050 2367 1156 2401 etiam
1190 2367 1403 2402 allitteratio
1430 2369 1668 2404 commendat:

139 2429 189 2454 an
214 2429 458 2463 necumquam
484 2418 671 2464 posthac?

236 2476 301 2506 121
316 2483 365 2517 sq.
399 2482 484 2507 men
515 2471 571 2507 uis
610 2472 693 2509 dem
731 2473 830 2519 ipsus
863 2473 901 2508 in
938 2473 1051 2519 pedes
1091 2473 1314 2508 Schraderus
1353 2475 1394 2508 cle
1427 2476 1561 2518 partie.
1598 2484 1666 2509 -NE

139 2534 250 2560 ANNE
276 2534 413 2560 NONNE
439 2536 497 2571 ap.
527 2525 585 2560 Pl.
606 2537 706 2571 pros.
734 2528 786 2562 ed.
814 2527 1006 2573 Arqentor.
1034 2539 1066 2563 a.
1094 2529 1194 2562 1885
1217 2538 1252 2571 p.
1280 2530 1301 2562 9
1330 2528 1441 2571 (263).
1470 2549 1511 2552 -
1547 2528 1666 2563 Ditto-

137 2579 330 2623 qraphiam
367 2583 399 2614 et
432 2580 609 2614 sententia
636 2581 766 2625 prodit
801 2584 832 2615 ct
865 2582 1052 2616 verborum
1086 2581 1207 2625 lepida
1239 2581 1388 2625 arqutia
1420 2581 1464 2615 ab
1496 2581 1561 2615 hoc
1593 2582 1666 2616 loco

137 2632 261 2677 hisque
280 2633 448 2677 personis
473 2633 605 2668 aliena.
652 2633 705 2676 Cf.
734 2635 782 2669 acl
807 2645 838 2669 v.
867 2637 945 2669 124.

236 2688 312 2719 124.
341 2685 414 2720 Fac
433 2685 488 2721 ita
512 2687 555 2720 ut
580 2686 683 2721 dicis.
709 2687 746 2721 ni
775 2686 866 2722 faxis
890 2686 1052 2722 Guietus.
1076 2708 1118 2712 —
1140 2698 1225 2721 nam
1251 2698 1298 2721 ne
1325 2686 1420 2721 faxis
1447 2686 1664 2729 Lambinus,

137 2749 289 2783 quocum
314 2739 511 2774 sententiae
536 2749 686 2775 acumen
705 2744 931 2785 pervertens,
956 2741 1120 2785 quamvis
1152 2743 1241 2775 reete
1266 2740 1502 2774 Booellornius
1528 2740 1664 2785 aliique

139 2792 278 2827 dudum
303 2792 583 2837 empticaverint,
619 2803 730 2838 neque
763 2794 969 2839 intelleqens
1007 2794 1155 2828 eandem
1195 2792 1453 2836 ‘offensionem'
1490 2793 1664 2836 praebere

140 2843 171 2878 si
199 2843 343 2879 dederis
363 2854 394 2879 υ.
414 2846 504 2888 122,
534 2855 655 2880 versus
674 2847 748 2881 123
761 2856 810 2890 sq.
831 2849 1030 2890 praeeunte
1051 2846 1096 2880 L.
1113 2846 1356 2889 Rufulum-du
1365 2845 1401 2886 12)
1423 2845 1534 2879 ‘Pleu
1553 2845 1662 2880 Aue?

142 2896 195 2930 II
212 2907 251 2941 p.
277 2899 349 2932 240
387 2900 562 2943 tanquam
593 2899 834 2943 ineptissimos
865 2899 930 2934 del.
965 2899 1157 2944 Vssinqius
1188 2899 1241 2934 vel
1278 2897 1496 2942 praedixisti
1522 2910 1565 2933 ne
1592 2902 1662 2935 tra-

142 2949 258 2984 ‹litum
284 2950 427 2996 quidem
452 2952 615 2995 afferens
659 2950 712 2994 Cf.
741 2953 790 2987 acl
814 2963 844 2987 v.
875 2955 953 2987 121.
