1946 3344
275 194 360 229 VIII
663 189 666 192 ’
895 192 1168 228 PRAEFATIO

280 328 327 331 —
353 301 550 343 Ceterum
571 300 703 343 fontis
731 316 752 342 e
774 316 857 355 quo
877 300 916 342 B
937 301 1061 342 fluxit
1087 299 1389 354 antiquitatem
1416 299 1547 340 etiam
1573 299 1598 340 k
1624 299 1793 340 litterae

278 388 354 428 pro
387 373 413 413 h
446 373 611 427 positae
643 374 687 414 in
720 373 862 427 priore
895 372 1167 426 potissimum
1201 371 1371 412 fabulae
1404 373 1524 424 parte
1557 370 1799 425 frequentia

276 444 438 497 prodit:
471 459 570 485 nam
596 459 683 486 non
709 444 795 485 alia
821 444 958 485 forma
985 443 1066 483 nisi
1093 442 1172 483 hac
1199 441 1237 482 K
1265 441 1598 483 Ambrosianum
1627 441 1689 482 uti
1722 456 1798 482 suo

280 515 373 556 loco
405 530 541 569 nuper
573 514 790 556 annotavi.

395 585 535 639 Ipsius
575 588 716 627 autem
750 584 782 626 B
824 584 978 626 codicis
1018 584 1339 639 scripturaeque
1378 584 1420 624 in
1453 598 1502 625 eo
1540 598 1690 638 reapse
1731 598 1798 624 ex-

278 657 433 698 stantis
473 657 689 711 ignoratio
728 671 813 697 una
852 659 918 697 est
956 670 1101 696 earum
1142 670 1387 708 causarum,
1431 655 1602 709 quibus,
1646 658 1694 696 ut
1730 655 1799 697 vel

278 726 313 769 G
324 743 347 769 o
358 728 415 769 do
426 728 557 769 fredi
573 727 613 768 H
624 742 723 769 erm
735 728 851 768 anni
872 727 1097 782 ingeniosa
1112 741 1242 780 opera
1263 726 1306 767 in
1320 725 1608 780 perpoliendis
1625 724 1799 766 Bacchi-

277 798 400 840 dibus
451 799 593 852 posita
642 798 899 852 relinqueret
956 797 1068 852 quod
1121 797 1337 838 emendari
1386 811 1513 851 posse
1565 796 1798 849 videretur,

278 870 475 911 effectum
509 872 585 911 est.
654 869 754 911 Alia
794 884 920 911 causa
959 884 979 910 e
1023 869 1263 923 prosodiaci
1308 869 1474 922 generis
1515 867 1800 923 ambiguitate

283 941 513 995 repetenda
545 944 620 982 est.
683 940 731 981 ln
770 955 852 994 quo
892 954 985 981 cum
1025 940 1098 981 ille
1136 940 1315 981 mirifico
1355 954 1439 994 quo
1478 938 1688 993 pollebat,
1727 939 1800 980 sed

280 1012 414 1054 eidem
458 1012 683 1066 aliquoties
728 1011 1011 1053 fastidiosiori
1057 1011 1223 1052 aurium
1268 1011 1424 1052 iudicio
1471 1011 1802 1063 obtemperaret,

278 1083 358 1123 etsi
396 1098 614 1137 nunquam
654 1097 740 1124 non
786 1082 1133 1137 elegantissimos
1178 1097 1378 1123 numeros
1425 1082 1611 1123 effinxit:
1658 1083 1803 1122 tamen

277 1167 375 1208 ego,
409 1169 505 1195 cum
538 1169 624 1196 non
656 1168 825 1208 possem
857 1168 944 1195 non
978 1168 1048 1195 eas
1081 1154 1271 1194 rationes
1304 1152 1444 1207 sequi,
1483 1153 1535 1194 ad
1568 1167 1673 1207 quas
1706 1166 1801 1206 pro-

279 1225 494 1266 sodiacam
524 1225 795 1279 disciplinam
822 1239 992 1265 omnem
1025 1225 1067 1265 111
1095 1223 1418 1279 Prolegomenis
1446 1223 1684 1264 Trinummi
1710 1223 1802 1277 ipse

282 1309 560 1348 revocassem,
587 1310 711 1349 saepe
733 1298 806 1336 aut
829 1296 993 1337 servavi
1020 1310 1127 1350 quae
1154 1310 1279 1350 posse
1307 1294 1478 1336 defendi
1504 1295 1801 1350 intellegerem

281 1369 356 1406 aut
403 1366 528 1407 aliter
573 1369 701 1421 atque
746 1366 982 1407 Hermanni
1027 1367 1221 1408 acumine
1265 1366 1426 1407 factum
1472 1365 1658 1407 viderem
1700 1366 1803 1406 vitia

277 1436 516 1490 scripturae
549 1437 800 1492 corrigenda
827 1438 984 1491 putavi.
1049 1437 1130 1486 Qui
1165 1437 1200 1478 si
1232 1436 1354 1490 forte,
1386 1439 1433 1477 ut
1460 1436 1518 1490 fit,
1552 1437 1681 1477 etiam
1716 1437 1801 1478 alia

277 1506 483 1561 quaedam
525 1508 611 1549 sive
644 1508 687 1548 in
720 1509 861 1549 verbis
900 1509 990 1550 sive
1030 1509 1075 1549 in
1114 1509 1341 1550 sententiis
1375 1510 1576 1562 corrupta
1614 1510 1689 1548 aut
1728 1508 1803 1548 ob-

278 1581 448 1619 scurata
480 1578 546 1619 vel
574 1579 816 1632 indagarim
843 1579 1010 1620 felicius
1038 1580 1105 1620 vel
1131 1578 1396 1633 probabilius
1425 1578 1625 1632 sanarim‚
1657 1581 1802 1619 tamen

278 1662 367 1689 non
398 1649 542 1690 nescio
577 1664 705 1703 quam
739 1650 819 1691 hoc
847 1650 903 1691 sit
934 1650 1145 1691 modicum
1179 1665 1282 1704 prae
1310 1652 1376 1690 tot
1404 1648 1590 1704 egregiis
1617 1649 1802 1690 inventis

281 1722 452 1772 tamque
485 1721 704 1773 praeclaro
739 1721 944 1775 exemplo,
978 1721 1130 1774 quibus
1163 1721 1259 1774 plus
1288 1736 1416 1775 quam
1449 1720 1699 1774 cuiusquam
1733 1734 1803 1760 cu-

278 1789 338 1830 ris
372 1793 415 1831 et
440 1789 699 1831 Bacchidum
729 1791 973 1832 emendatio
1007 1793 1048 1831 et
1082 1805 1174 1832 mea
1202 1791 1454 1832 emendandi
1481 1805 1610 1844 opera
1637 1790 1801 1832 debeat.

279 1862 396 1908 Quae
436 1860 570 1901 virtus
615 1862 659 1901 in.
697 1862 818 1902 nulla
855 1864 975 1914 parte
1015 1861 1273 1903 luculentius
1320 1876 1447 1916 quam
1490 1861 1533 1902 in
1580 1861 1802 1902 canticis

278 1930 624 1985 canticorumque
647 1932 859 1972 similibus
882 1932 1047 1973 scaenis
1069 1935 1301 1973 metrorum
1325 1933 1532 1974 varietate
1560 1932 1800 1986 insignibus

279 2001 444 2042 enituit.
509 2002 697 2050 Quorum
738 2017 865 2056 quam
906 2003 962 2043 sit
993 2017 1147 2057 anceps
1188 2006 1229 2043 et
1268 2003 1431 2044 lubrica
1469 2005 1686 2058 tractatio,
1718 2004 1802 2045 evi-

280 2070 528 2112 dentissime
562 2075 697 2113 semet
730 2073 868 2126 ipsum
902 2073 1159 2127 corrigentis
1199 2059 1394 2128 exempla
1425 2075 1578 2116 docent
1615 2089 1724 2129 quae
1757 2075 1800 2115 in

279 2140 389 2181 libro
424 2142 472 2182 de
507 2143 666 2195 metris,
700 2143 743 2183 111
777 2143 1013 2184 Elementis
1047 2144 1265 2186 doctrinae
1293 2146 1504 2199 metricae,
1536 2146 1580 2187 in
1611 2146 1705 2200 ipsa
1731 2147 1799 2188 de-

277 2211 404 2264 nique
435 2227 598 2267 nupera
625 2213 807 2254 editione
841 2215 967 2255 liuius
1000 2215 1170 2257 fabulae
1205 2217 1286 2257 sibi
1320 2220 1627 2259 successerunt.
1690 2217 1799 2267 Quid

283 2282 414 2335 igitur
446 2283 620 2336 mirum,
660 2284 693 2323 si
728 2287 842 2324 certo
883 2299 1015 2339 eoque
1053 2300 1164 2327 novo
1197 2288 1409 2340 praesidio
1450 2289 1533 2330 tuti
1573 2289 1800 2343 aliquoties

283 2353 347 2393 vel
376 2354 574 2407 progredi
607 2354 721 2395 ultra
747 2357 1008 2408 postremum
1038 2358 1276 2411 exemplum
1304 2359 1673 2401 Hermannianum
1706 2361 1801 2402 ausi

285 2438 429 2464 sumus
455 2438 541 2464 non
570 2425 660 2465 sine
688 2440 762 2479 spe
790 2427 980 2480 indagati
1009 2428 1128 2468 veri?
1174 2428 1219 2469 Id
1248 2432 1389 2471 autem
1416 2431 1677 2484 praesidium
1705 2445 1800 2472 cum

285 2494 327 2533 in
354 2494 674 2549 Prolegomenis
701 2496 936 2538 'I'rinummi
966 2513 1004 2551 p.
1031 2497 1135 2539 (³0ss
1164 2500 1330 2541 ostendi
1352 2504 1442 2542 tum
1465 2502 1518 2543 ad
1539 2501 1800 2544 Bacchidum

280 2579 321 2605 v.
353 2566 448 2605 (512.
483 2566 579 2606 643.
613 2568 709 2607 9851.
746 2567 868 2608 1100.
906 2569 1026 2609 1106.
1065 2569 1176 2611 1190
1219 2571 1423 2625 explicavi
1462 2588 1482 2613 e
1524 2587 1722 2615 versuum
1755 2573 1800 2614 in

280 2635 318 2675 B
351 2636 656 2678 distributione
690 2639 789 2691 peti,
822 2639 976 2693 quippe
1004 2655 1112 2694 quae
1139 2642 1389 2696 plerumque
1422 2647 1497 2685 aut
1523 2644 1798 2698 antiquitatis

283 2707 530 2748 memoriam
565 2712 703 2749 servet
741 2712 815 2750 aut
852 2710 1050 2751 turbatae
1084 2712 1291 2764 pristinae
1329 2714 1632 2755 concinnitatis
1665 2714 1799 2756 mani-

282 2777 412 2817 icstas
447 2792 596 2818 causas
629 2779 797 2820 habeat.
860 2779 940 2820 Sed
975 2783 1120 2823 tamen
1153 2797 1247 2823 cum
1280 2784 1345 2825 vel
1379 2785 1438 2826 sic
1469 2786 1603 2826 multa
1635 2788 1709 2826 aut
1729 2786 1797 2840 Ι111-

283 2849 400 2887 tacta
440 2849 721 2903 relinquenda
759 2854 902 2891 essent
940 2866 1046 2905 quae
1085 2866 1160 2893 nec
1194 2853 1396 2896 Plautina
1433 2870 1511 2897 nec
1547 2855 1635 2897 ullo
1673 2856 1798 2897 modo

282 2917 343 2957 vel
385 2933 491 2959 suna
532 2920 594 2959 vel
631 2921 874 2962 tolerabilia
912 2937 1004 2964 esse
1041 2924 1278 2966 certissime
1312 2929 1547 2979 constaret,
1589 2930 1663 2968 aut
1695 2927 1796 2968 libe—
