1946 3344
784 221 1057 258 PRAEFATIO
1609 222 1692 255 XIX

168 332 399 376 Rundsch.'
432 333 486 388 II,
520 349 554 374 a.
591 333 721 387 1882,
753 348 790 387 p.
825 332 908 374 719
925 346 1016 386 sqq.
1047 346 1317 386 nequaquam
1350 331 1464 372 iusto
1498 330 1691 372 acerbius

167 405 428 458 retulissem,
471 405 585 445 ultra
617 403 790 445 modum
823 404 959 445 iratus
991 402 1064 444 ille
1097 403 1141 444 in
1174 417 1240 443 me
1274 402 1481 444 desaeviit
1511 416 1586 456 per
1618 402 1693 443 ob-

168 476 435 517 servationes
479 474 668 516 Hermae
711 474 838 516 XVII
882 490 921 528 p.
964 474 1155 528 GlOsqq.
1196 474 1390 514 insertas.
1454 472 1568 522 Quas
1611 488 1692 526 quo

160 539 312 588 'animo
346 546 652 600 conscripserit
683 560 767 586 uno
803 544 996 599 exemplo
1030 545 1215 599 notabo,
1249 559 1332 598 quo
1367 544 1466 599 quia
1497 543 1692 585 Brixium

167 631 262 659 cum
307 617 547 659 Ritschelio
588 616 631 657 in
669 631 707 657 v.
748 615 831 657 155
875 614 1060 656 Gellium
1104 617 1295 656 secutum
1338 629 1430 656 esse
1474 615 1580 669 dixi,
1620 614 1693 656 ubi

169 688 437 744 Wagneruni
471 688 608 729 dicere
642 687 770 728 debui
801 711 857 716 —
893 686 1055 728 scilicet
1087 686 1277 728 confusis
1310 687 1355 727 in
1388 685 1555 727 schedis
1587 686 1693 726 meis

165 759 245 801 Br.
278 763 320 800 et
363 759 447 802 W‘r.
481 759 595 800 notis
631 783 697 812 —,
731 757 954 799 Vahlenus
990 758 1161 811 scripsit
1193 755 1253 813 (p.
1287 755 1410 813 617):
1445 756 1511 797 ‘de
1544 756 1693 797 Brixio

165 830 245 873 hoc
283 831 355 872 ille
393 830 523 872 homo
563 829 747 884 diligens
786 829 1040 870 mentitus
1080 826 1190 869 est’.
1254 826 1312 868 At
1350 828 1395 868 in
1429 827 1576 868 eadem
1611 830 1693 868 sta-

165 902 243 943 tim
283 901 443 956 pagina
481 901 574 955 ipse
607 900 836 941 ‘mentitus
877 898 965 940 est'
1005 899 1070 940 vir
1110 899 1467 953 diligentissimus
1510 897 1693 939 Gellium

166 972 358 1026 ‘propter
388 972 628 1014 umbilicum
662 985 832 1012 versum
867 969 1054 1023 afferre⁷,
1088 983 1212 1023 quem
1246 972 1423 1023 propter
1454 970 1696 1010 dimidiatus

165 1044 300 1085 affert.
362 1043 423 1084 Et
466 1043 662 1096 quotiens
709 1041 754 1082 in
800 1038 1042 1097 editione*)
1089 1039 1279 1094 aliasque
1325 1039 1552 1081 ‘mentitus
1598 1039 1696 1081 est'.

164 1113 296 1156 Velut
328 1115 379 1155 ad
424 1129 458 1154 v.
493 1113 600 1166 645,
645 1113 718 1154 ubi
762 1111 1029 1154 Ritschelius
1076 1111 1312 1152 adnotabat
1357 1110 1479 1152 ‘mihi
1526 1112 1695 1164 (suidam

165 1187 278 1239 apud
295 1183 575 1240 Lambmum',
596 1183 855 1238 compilator
876 1182 1104 1224 Ritschelii
1124 1182 1256 1223 habet
1285 1182 1407 1223 ‘mihi
1430 1181 1692 1223 Lambinus':

166 1257 310 1311 itaque
338 1255 595 1297 Lambinum
634 1254 761 1310 fingit
793 1256 1083 1295 commentum
1117 1267 1222 1307 esse,
1253 1253 1297 1294 in
1339 1268 1420 1308 quo
1455 1252 1692 1306 refutando,

166 1327 328 1369 frustra
355 1342 468 1379 sane,
502 1326 725 1367 dimidiam
756 1326 846 1366 fere
879 1324 1084 1380 paginam
1116 1324 1189 1365 ille
1222 1325 1503 1378 consumpsit.
1549 1323 1693 1364 Etiam

162 1398 339 1452 propius
383 1398 434 1439 ad
474 1396 684 1438 mendacii
717 1397 902 1452 speciem
941 1396 1045 1437 illud
1087 1395 1265 1451 accedit,
1304 1396 1414 1450 quod
1449 1411 1486 1437 V.
1520 1396 1605 1437 824
1637 1419 1694 1425 —

163 1469 238 1511 ubi
276 1469 388 1524 apud
426 1468 714 1511 Ritschelium
755 1467 1054 1509 testimonium
1098 1467 1148 1509 de
1187 1467 1231 1508 B
1270 1481 1368 1508 casu
1407 1466 1694 1519 interciderat,

163 1555 288 1594 quem
334 1539 547 1581 defectum
601 1540 772 1581 disertis
826 1539 968 1580 verbis
1019 1538 1164 1592 tetigit
1208 1537 1442 1580 Muellerus
1486 1537 1694 1579 ‘Naclitiz’

163 1626 200 1665 p.
230 1611 313 1653 129
348 1625 372 1651 a
398 1610 597 1652 Vahleno
631 1611 724 1665 ipso
760 1609 981 1651 adhibitus
1009 1634 1064 1638 —
1092 1609 1183 1650 sine
1216 1609 1306 1650 ullo
1339 1609 1617 1650 fundamento
1652 1613 1692 1649 tu

166 1682 318 1723 tribuit
351 1681 507 1737 codici,
549 1696 673 1737 quem
708 1685 747 1723 tu
783 1685 817 1722 te
851 1681 1009 1722 habere
1044 1695 1093 1721 ex
1127 1682 1231 1721 nota
1263 1680 1307 1722 B
1339 1680 1459 1721 iuxta
1491 1679 1536 1721 J)
1569 1679 1692 1721 facile

168 1754 329 1795 omissa
368 1753 435 1794 vel
474 1753 666 1795 conicere
717 1753 857 1806 potuit
896 1753 1110 1793 coniector
1161 1752 1290 1806 paulo
1342 1751 1507 1792 felicior
1558 1752 1691 1791 conie-

163 1825 305 1880 citque
349 1823 594 1866 Muellerus.
657 1823 806 1878 Neque
849 1837 945 1864 vero
986 1836 1062 1876 per
1095 1822 1231 1863 solani
1267 1825 1339 1863 aut
1371 1822 1691 1877 neglegentiam

163 1899 237 1938 aut
263 1895 566 1938 confidentiam
589 1894 812 1937 Vahlenus
842 1892 1089 1935 ‘mentitur’
1154 1892 1380 1945 Quomodo·
1407 1893 1519 1934 enim
1547 1893 1694 1948 appel-

161 1967 271 2008 labis
314 1965 425 2021 quod
466 1982 505 2021 p.
540 1966 625 2008 622
665 1980 708 2007 se
736 1982 775 2007 ·a
817 1980 883 2006 me
926 1964 1075 2006 scribit
1123 1964 1187 2005 ‘in
1227 1979 1396 2005 sumina
1432 1979 1475 2005 re
1516 1964 1691 2005 mirifice

162 2039 424 2079 alucinatum
462 2036 712 2092 increpari’,
751 2037 868 2078 cuius
909 2036 1097 2077 similem
1136 2035 1395 2080 locutionem
1434 2049 1511 2090 per
1553 2038 1690 2077 totam

162 2124 386 2151 censuram
419 2109 581 2151 frustra
615 2107 890 2162 quaesiveris,
923 2121 1019 2148 cum
1053 2105 1276 2148 Vahlenus
1311 2106 1345 2148 si
1378 2106 1423 2147 in
1455 2106 1613 2148 talibus
1648 2121 1690 2147 se

161 2177 542 2237 continuisset**),
575 2179 767 2221 modeste
795 2178 936 2220 sobrie
963 2178 1148 2220 humane
1175 2177 1397 2232 scripsisse
1425 2177 1561 2219 videri
1592 2193 1689 2233 pos-

279 2320 312 2363 ss)
340 2319 407 2355 Sat
425 2320 546 2355 multa
575 2318 710 2354 menda
729 2318 906 2362 invenies,
934 2317 963 2352 si
993 2317 1167 2352 accurate
1189 2317 1350 2352 Vahleni
1373 2317 1594 2362 apparatum
1618 2329 1689 2351 non

161 2373 272 2408 modo
299 2384 381 2408 cum
403 2374 543 2417 nostro,
571 2372 634 2408 sed
656 2372 766 2407 etiam
789 2383 870 2406 cum
892 2370 1085 2416 procedosi
1107 2370 1318 2405 contuleris.
1370 2372 1452 2406 Non
1474 2370 1505 2405 is
1527 2382 1605 2405 sum
1627 2370 1689 2415 qui

161 2426 342 2461 eiusmodi
361 2427 516 2471 peccata
535 2426 636 2461 ultra
655 2425 806 2460 modum
827 2424 989 2467 efferam,
1016 2424 1153 2470 quippe
1180 2435 1263 2459 cum
1289 2426 1460 2470 expertus
1488 2424 1602 2458 sciam
1632 2424 1686 2457 vel

160 2479 261 2515 omni
289 2490 377 2514 cura
403 2479 572 2514 adhibita
606 2478 791 2513 interdum
819 2478 881 2513 vix
909 2478 1051 2512 evitari.
1104 2477 1176 2512 Sed
1202 2477 1396 2523 indignum
1424 2479 1480 2512 est
1506 2489 1600 2518 cum,
1628 2476 1688 2520 qui

160 2533 262 2568 nullo
290 2533 442 2578 negotio
469 2532 622 2568 alterius
657 2531 854 2577 diligentia
887 2531 1064 2566 abutatur
1095 2542 1140 2566 ne
1175 2533 1338 2566 correcta
1365 2531 1511 2575 quidem
1540 2529 1687 2563 interim

161 2587 349 2631 corrigens
376 2596 544 2630 novaque
572 2584 666 2620 vitia
691 2583 868 2630 inferens,
901 2584 952 2619 sic
978 2584 1106 2619 invehi
1132 2585 1170 2618 in
1198 2595 1298 2630 eum,
1326 2585 1389 2630 qui
1416 2605 1459 2609 —
1487 2582 1687 2627 quomodo-

160 2651 304 2684 cunque
331 2639 376 2674 de
403 2639 535 2675 ceteris
561 2638 702 2673 iudices
730 2659 774 2664 —
802 2638 933 2673 saltem
961 2638 995 2673 in
1024 2637 1276 2673 fundamentis
1300 2637 1350 2673 rei
1378 2636 1529 2671 criticae
1557 2647 1688 2680 paran-

160 2693 216 2728 dis
243 2693 326 2728 aliis
352 2692 450 2727 viani
490 2691 633 2727 muniat
667 2691 953 2736 molestiamque
986 2691 1139 2726 minuat.
1190 2690 1319 2734 Itaque
1349 2690 1516 2735 quamvis
1543 2690 1605 2723 diu
1633 2691 1687 2723 ta-

161 2746 310 2790 cuerim,
336 2748 408 2781 hac
434 2746 629 2781 occasione
664 2746 752 2779 data
776 2756 848 2780 nou
881 2745 986 2789 potui
1011 2756 1083 2779 non
1117 2745 1247 2790 punire
1276 2744 1433 2777 Vahleni
1462 2742 1686 2786 superbiam.

279 2799 334 2844 W)
357 2797 525 2834 Ceterum
548 2798 663 2833 risum
685 2809 755 2832 non
779 2798 871 2832 mihi
890 2800 1035 2832 tantum
1057 2798 1186 2840 movit,
1207 2798 1302 2841 quod
1326 2797 1389 2830 ille
1412 2795 1504 2830 tales
1529 2794 1686 2828 maxime

161 2853 368 2888 locutiones
389 2852 585 2898 decerpsit,
613 2851 738 2896 qualos
760 2852 845 2886 olim
868 2850 906 2885 in
927 2850 1047 2894 ipsum
1070 2849 1227 2884 coniecit
1248 2849 1284 2883 L.
1307 2848 1515 2882 Muellerus.
1565 2848 1679 2889 Quem

162 2906 194 2940 si
219 2905 360 2941 imitari
380 2906 510 2950 voluit,
538 2904 678 2939 utinam
703 2905 824 2950 potius
847 2905 883 2939 in
904 2907 982 2939 arto
1004 2903 1157 2937 metrica
1185 2902 1344 2935 severius
1373 2900 1576 2935 nxercenda,
1606 2901 1686 2934 imi-

161 2960 263 2994 tatus
291 2960 397 2996 esset.

1353 3014 1376 3047 b
1385 3012 1403 3032 *5
