1946 3344
227 201 311 236 VIII
848 202 1125 238 PRAEFATIO

227 312 292 351 est
325 309 395 366 (cf.
423 310 739 352 Studemundus
771 312 817 352 111
843 310 1080 354 Comment.
1113 313 1157 354 in
1183 312 1281 356 hon.
1308 313 1470 358 Theod.
1495 315 1753 359 Mommseni

227 382 324 423 edit.
355 397 395 436 p.
430 380 545 438 790).
609 382 910 431 Quaternionis
942 398 1143 425 numerus
1176 384 1220 425 in
1253 384 1340 426 ima
1371 387 1530 441 pagina
1562 387 1646 429 398
1680 403 1751 443 ap-

225 453 371 507 paruit
410 452 716 508 LXXXVIIH,
761 454 805 495 in
843 455 1003 509 pagina
1041 455 1128 496 404
1166 455 1341 511 LXXX,
1384 457 1429 497 in
1468 458 1629 513 pagina
1669 460 1753 501 122

227 527 371 565 autem
403 523 581 565 LXXV:
611 528 709 578 post
744 524 783 566 V
822 525 1029 580 numquid
1069 525 1186 567 aliud
1224 527 1437 568 exstiterit
1469 553 1526 558 —
1560 528 1752 571 Ritsche-

225 594 308 635 lius
341 595 453 635 enim
481 595 726 637 LXXXVII
760 597 843 638 sibi
875 597 1017 651 legere
1049 597 1165 639 visus
1199 600 1263 639 est
1298 622 1345 627 —
1381 598 1578 642 Loewius
1612 601 1752 643 decer-

224 680 325 707 nere
362 681 448 708 11011
487 682 615 708 ausus
659 670 732 709 est.
805 668 975 709 Partem
1015 683 1161 710 earum
1200 669 1434 711 lectionum
1474 686 1579 725 quas
1617 686 1750 714 novas

225 738 439 790 protraxit
469 737 665 780 Loewius
699 739 811 780 idem
844 740 887 780 in
919 738 1044 781 Anal.
1076 739 1138 782 Pl.
1171 755 1209 795 p.
1239 740 1485 782 149—174
1516 741 1608 796 ipse
1641 757 1750 785 coln-

224 808 466 850 municavit.
529 808 676 851 Novas
711 825 833 852 curas
867 825 972 866 quas
1012 811 1109 852 huic
1148 826 1316 866 quoque
1349 811 1518 854 fabulae
1552 814 1752 856 adhibere

224 879 363 920 voluit
393 894 508 921 mors
542 881 812 923 disturbavit.

345 949 545 992 Codicem
573 951 810 994 Veterem
838 967 934 994 cum
960 952 1186 995 Ritschelii
1214 954 1446 1009 exemplari
1472 955 1628 996 iterum
1654 970 1752 998 con-

223 1021 324 1062 tulit
368 1020 515 1077 Hugo
561 1023 742 1077 Hinck,
793 1024 910 1066 cuius
962 1025 1167 1066 lectiones
1219 1025 1470 1081 plerumque
1515 1025 1754 1068 Lorenzii

225 1093 473 1134 testimonio
525 1095 855 1137 confirmantur:
906 1095 950 1136 in
994 1096 1266 1150 paucissimis
1314 1097 1567 1150 quibusdam
1616 1098 1753 1154 iisque

226 1164 454 1205 levissimis
489 1165 634 1220 rebus,
666 1166 740 1207 ubi
774 1166 917 1208 differt
943 1166 1138 1208 Lorenzii
1164 1167 1480 1223 testimonium,
1511 1183 1562 1210 ex
1589 1169 1683 1223 ipsa
1709 1184 1753 1211 10

226 1234 349 1276 facile
397 1238 601 1291 cognosci
639 1238 804 1292 potuit,
848 1238 932 1279 utri
976 1238 1082 1279 fides
1126 1238 1326 1280 habenda
1363 1242 1486 1280 esset.
1549 1239 1753 1282 Codicum

225 1306 496 1348 Decurtati
530 1310 572 1349 01
598 1307 872 1350 Ursiniani
904 1324 1062 1350 novam
1089 1310 1364 1351 collationem
1393 1309 1644 1352 Schoellii
1670 1313 1754 1353 11101

224 1377 427 1418 beneficio
466 1378 610 1420 debeo.
680 1379 797 1428 Quae
839 1395 888 1420 ex
926 1380 1104 1422 codice
1144 1380 1405 1435 Lipsiensi
1444 1384 1487 1423 01
1526 1382 1754 1425 editione

223 1448 459 1504 principe
493 1449 678 1504 exhibui,
712 1465 762 1492 ex
788 1450 1016 1492 Ritschelii
1049 1451 1246 1505 editione,
1280 1452 1369 1493 eius
1406 1453 1633 1495 collatione
1659 1454 1754 1508 ipsa

223 1518 293 1560 hic
324 1519 412 1561 11110
445 1521 650 1575 inspecta,
683 1523 970 1564 transcribere
1002 1537 1090 1564 non
1122 1522 1326 1564 dubitavi.

342 1590 404 1632 De
444 1594 585 1633 vetere
624 1592 825 1635 Pseudoli
864 1593 1174 1648 didascalia,
1219 1609 1326 1648 quae
1371 1609 1458 1635 una
1496 1610 1590 1637 cum
1636 1596 1755 1651 quin-

223 1661 359 1703 decim
396 1677 595 1704 versuum
635 1667 886 1719 argumento
922 1665 1080 1719 scripta
1113 1667 1179 1706 est
1211 1665 1256 1706 in
1288 1666 1448 1720 pagina
1482 1667 1583 1721 119,
1622 1668 1753 1721 expli-

224 1735 359 1774 catius
399 1733 506 1775 dixit
539 1734 798 1777 Ritschelius
831 1735 1049 1791 Parergon
1091 1751 1129 1790 p.
1163 1737 1248 1778 283
1265 1752 1354 1792 sqq.
1417 1737 1588 1780 Loewio
1622 1754 1750 1793 appa-

223 1806 399 1845 ruerunt
431 1804 555 1846 haec:

683 1889 728 1918 M·
761 1890 893 1920 IUNIO
926 1890 971 1919 M·
1005 1890 1080 1920 FIL
1113 1890 1170 1934 1)Ιί
1202 1891 1291 1920 URB

826 2020 883 2050 AG
1022 2021 1055 2050 M

225 2076 352 2118 Certa
392 2080 491 2118 sunt
523 2079 668 2120 omnia
700 2081 869 2134 praeter
901 2093 927 2132 1
961 2083 1002 2121 01
1040 2083 1199 2134 puncta
1231 2084 1330 2135 post
1361 2093 1395 2122 M
1428 2084 1607 2136 utroque
1640 2084 1752 2126 loco:

226 2165 327 2191 1111111
354 2152 452 2203 post
478 2161 535 2191 AC
563 2152 603 2191 et
629 2163 663 2191 M
691 2151 804 2192 aliud
832 2152 932 2206 quid
961 2153 1164 2207 scriptum
1191 2153 1334 2204 fuerit,
1367 2153 1445 2195 dici
1472 2154 1633 2209 nequit.

340 2220 636 2275 ePrologum
663 2221 849 2264 fabulae'
883 2247 928 2252 —
960 2223 1009 2264 de
1037 2239 1120 2278 quo
1148 2239 1256 2278 quae
1283 2224 1351 2266 hic
1377 2224 1548 2278 profero
1582 2240 1631 2266 ex
1658 2225 1750 2267 Rit-

223 2291 373 2333 schelii
409 2291 674 2345 praefatione
712 2293 896 2347 repetita
935 2297 1035 2336 sunt
1074 2319 1121 2324 —
1166 2294 1311 2349 ‘prope
1349 2297 1488 2336 totum
1526 2295 1611 2337 iam
1651 2299 1749 2339 ante

222 2362 498 2402 Ambrosiani
531 2363 686 2404 codicis
721 2366 904 2405 aetatem
932 2365 1199 2407 intercidisse
1228 2380 1277 2406 ex
1305 2380 1353 2408 eo
1379 2367 1637 2421 perspicitur
1663 2381 1751 2408 cer-

220 2433 397 2486 tissime,
431 2434 543 2488 quod
577 2435 735 2489 pagina
763 2436 859 2489 120,
892 2436 936 2476 in
963 2436 1082 2477 cuius
1111 2439 1328 2491 superiore
1355 2440 1476 2492 parte
1503 2437 1611 2478 nihil
1637 2452 1750 2479 nunc

220 2504 460 2545 litterarum
488 2505 682 2546 relictum
710 2509 793 2560 est,
820 2506 1024 2548 Pseudoli
1050 2522 1174 2549 versu
1205 2509 1258 2549 1ss
1286 2508 1554 2550 terminatur.
1589 2507 1748 2557 Quodsi

220 2575 490 2629 inscriptioni
530 2590 708 2617 scaenae
747 2577 911 2631 primae
944 2578 1048 2619 duos
1081 2593 1227 2620 versus
1268 2579 1489 2633 tribueris,
1534 2579 1743 2633 uniusque

221 2648 443 2700 praeterea
494 2646 720 2689 intervallo
775 2664 798 2689 a
842 2649 1022 2703 prologo
1066 2650 1207 2703 ipsam
1258 2650 1449 2691 fabulam
1501 2650 1748 2692 distinctam

220 2718 354 2759 fuisse
398 2718 686 2774 putaverisss'),
730 2718 856 2760 facile
900 2720 1123 2774 intelleges
1159 2721 1212 2762 ab
1253 2721 1411 2762 eisdem
1454 2720 1618 2762 duobus
1657 2735 1747 2763 ver-

221 2788 338 2829 sibus
384 2788 552 2843 prologi
597 2790 798 2831 extremis
844 2791 1056 2844 incepisse
1106 2791 1328 2846 paginam,
1379 2791 1450 2846 qui
1501 2791 1543 2832 in
1595 2792 1746 2833 ceteris

318 2911 349 2955 ³²)
376 2910 522 2946 Loewio
556 2913 649 2947 teste
683 2912 822 2957 primus
850 2912 1007 2958 paginae
1042 2925 1166 2948 versus
1200 2924 1335 2949 vacuus
1363 2914 1439 2948 est:
1474 2914 1648 2948 secuntur
1675 2914 1746 2949 duo

223 2972 347 2997 versus
375 2963 520 3008 prologi
547 2966 584 2999 et
610 2964 820 3010 inscriptio,
854 2969 937 3011 post
969 2979 1079 3011 quam
1115 2966 1223 3001 unius
1257 2977 1382 3001 versus
1409 2967 1652 3002 interstitium
1678 2970 1745 3003 est.
