1946 3344
203 214 390 247 509—544
843 211 1090 246 APPENDIX
1648 212 1728 253 157

202 318 391 362 quondam
415 328 529 363 neque
555 318 769 363 anteposita
794 319 854 363 (ef.
875 319 1098 355 Ritsehelius
1120 319 1248 366 Opuse.
1272 320 1298 353 I
1301 320 1326 352 I
1342 331 1379 363 Ρ.
1401 321 1474 354 599
1494 319 1594 364 acln.)
1620 320 1729 362 facile

203 372 459 416 interpolatori
484 372 635 407 tribuas
694 372 796 406 Vnde
823 373 992 408 lacunam
1018 374 1132 408 statui
1158 374 1207 408 ad
1232 374 1296 407 hoc
1322 374 1541 418 exemplum.-

468 425 583 467 Quam
612 425 707 468 quae
733 424 891 469 Tyestae
919 427 1105 469 qubndam
1132 427 1178 460 ab
1207 425 1321 460 adfini
1348 437 1412 460 suo

467 478 642 521 Quaeque
670 478 691 511 a
718 478 926 513 Philomela
952 479 1040 514 olim
1068 479 1318 524 antepositast
1344 480 1472 514 Tereo.

303 535 383 566 512.
422 531 527 566 Eheu
559 532 625 566 del.
659 531 751 565 mihi
784 533 826 566 in
855 533 926 575 fine
957 533 1041 567 add.
1068 533 1308 567 Hermannus
1333 533 1395 566 EI.
1429 533 1462 568 cl.
1490 544 1533 567 m.
1562 534 1658 568 Aclcl.
1687 534 1735 567 asl

196 597 235 630 Ρ.
265 588 335 620 142
366 586 532 630 deceptus
557 584 713 619 miserae
746 596 828 620 voce
859 597 883 620 a
911 586 1052 631 Pylade
1084 587 1225 621 adiecta
1260 586 1320 630 (ef.
1348 586 1631 631 Kampmannus
1657 588 1734 621 An-

202 642 275 674 not.
296 650 335 683 Ρ.
364 640 435 681 17).

299 695 378 726 519.
406 692 463 726 Da
489 702 590 726 meas
617 691 679 736 qui
706 702 763 726 res
791 692 999 727 Saracenus
1025 692 1147 726 lenoni
1173 692 1404 726 continuans.
1462 692 1519 726 Da
1553 704 1644 736 quas
1677 704 1734 727 res

205 746 327 779 tecum
359 745 396 779 in
432 746 517 779 naui
553 745 722 791 Pylades.
776 747 877 781 Meas
910 747 1068 789 tuasque
1099 756 1158 779 res
1191 745 1418 781 Dissalcleus.
1476 746 1547 780 Eas
1584 746 1733 791 quidem

202 809 260 832 res
286 799 410 833 tecum
436 799 643 833 Aeiclalius.
694 799 787 833 Eam
815 797 966 843 quidem
990 810 1068 833 rem
1094 800 1217 833 tecum
1247 799 1410 834 Guietus.
1462 799 1623 843 Delims,
1652 812 1734 835 eam

203 851 352 895 quidem
384 863 461 886 rem
495 856 526 886 et
553 852 668 886 Datas
702 862 793 895 quas
825 855 948 886 tecum
983 863 1041 886 res
1068 853 1235 887 Bothius.
1286 851 1338 887 Εο
1377 864 1436 887 me
1470 864 1643 898 measque
1677 865 1733 887 res

211 904 412 950 Vssinyius.
458 905 555 939 Tuas
582 915 756 950 measque
782 917 840 940 res
866 905 1115 941 Hermannus.

299 962 379 994 522.
419 959 563 1004 dignu's
590 959 739 994 Reizius
777 959 984 1003 obloquente
1026 958 1153 994 Olseno
1185 960 1207 994 l.
1233 970 1259 995 s.
1287 970 1313 993 s.
1335 970 1374 1004 Ρ.
1403 963 1436 994 6.
1465 962 1523 994 61.
1595 960 1634 994 V.
1663 964 1730 994 523

204 1011 273 1046 ‘vel
297 1012 408 1056 sirpe’
440 1012 688 1047 Camerarius.-
714 1014 758 1054 cf.
787 1012 983 1056 Scioppius
1009 1012 1117 1056 ὅπερ.
1146 1013 1219 1047 leet.
1247 1012 1313 1046 IV
1337 1015 1359 1047 5
1379 1024 1418 1057 Ρ.
1446 1015 1527 1047 188.

299 1068 378 1100 525.
406 1065 675 1101 aduelitatione
706 1065 895 1100 Turnebus
924 1067 1013 1109 Opp.
1035 1065 1118 1109 ΙΡ.
1140 1069 1202 1107 61,
1230 1068 1285 1100 13.
1334 1066 1386 1109 Cf.
1415 1067 1568 1110 Lipsius
1599 1066 1684 1101 Var.
1712 1068 1734 1102 l.

203 1118 285 1152 III
299 1122 356 1162 15,
379 1119 620 1154 Franckenus
640 1120 663 1155 l.
683 1130 710 1153 s.
725 1130 751 1154 s.
764 1131 799 1164 Ρ.
816 1121 873 1162 44,
900 1118 1202 1153 Reitzensteinms
1225 1118 1235 1134 ‘
1248 1119 1416 1153 Veri-ian.
1441 1119 1606 1154 Forseb?
1620 1131 1655 1164 Ρ.
1673 1122 1734 1154 62.

300 1175 378 1206 528.
406 1171 472 1205 abs
499 1173 534 1206 te
562 1172 758 1217 postquam
786 1171 849 1207 abi
875 1172 1044 1217 Pylades.
1096 1173 1341 1216 posteaquam
1367 1173 1433 1207 abs
1459 1174 1496 1206 te
1524 1172 1586 1207 abi
1614 1174 1734 1208 Came-

202 1224 337 1258 rarius.
377 1227 574 1269 postquam
597 1235 666 1269 ego
687 1224 753 1259 abs
773 1225 810 1259 te
831 1224 907 1259 abii
928 1225 1088 1269 Pareus,
1116 1225 1335 1261 Ritsebelius
1358 1225 1487 1270 Opuse.
1510 1227 1589 1260 III
1600 1238 1640 1271 Ρ.
1663 1230 1735 1261 548

201 1276 293 1322 (abii
320 1289 388 1322 ego
410 1277 673 1323 Hermannus).
712 1280 911 1322 postquam
938 1277 1004 1312 abs
1030 1280 1067 1322 (a
1089 1278 1344 1314 Fleckeisenus
1363 1279 1428 1314 Ex
1453 1279 1510 1314 Pl.
1526 1290 1564 1324 Ρ.
1587 1281 1648 1323 12)
1671 1279 1735 1313 ted

203 1331 280 1366 abii
301 1332 464 1368 Guietus.
510 1335 709 1377 postquam
736 1332 811 1366 abii
838 1332 903 1366 abs
930 1331 993 1366 ted
1020 1332 1187 1367 Botleius.
1229 1332 1283 1375 Cf.
1307 1332 1591 1376 Kampmannus
1616 1334 1658 1367 de
1684 1341 1734 1364 ΑΒ

198 1396 325 1430 praep.
346 1397 387 1430 Ρ.
413 1389 473 1430 21,
501 1386 756 1421 Fleckeisenus
781 1386 883 1430 epist.
911 1386 989 1420 erit.
1012 1397 1051 1430 Ρ.
1081 1385 1296 1420 XXVIII.

300 1441 379 1474 529.
406 1439 612 1474 instruxisti
638 1438 755 1473 ullum
784 1438 931 1482 quidem
960 1440 1005 1482 (et
1030 1450 1060 1473 v.
1083 1442 1151 1473 530
1178 1439 1347 1483 praebes)
1378 1438 1541 1474 Guietus.
1581 1439 1731 1483 quidem

202 1491 319 1525 ullum
353 1492 415 1526 ille
447 1491 597 1527 instruit
630 1493 879 1527 Camerarius:
919 1492 964 1535 ef.
999 1492 1202 1527 Muellerus
1237 1492 1341 1528 Pros.
1372 1504 1409 1536 p.
1445 1495 1526 1528 535.
1584 1493 1734 1536 quidem

201 1545 345 1579 nullum
371 1545 524 1580 instruit
549 1546 716 1581 Bothius.

298 1602 376 1633 533.
409 1599 559 1634 fortuna
591 1610 688 1633 nunc
716 1608 785 1643 ego
818 1598 1038 1633 anthraeina
1067 1599 1242 1644 Pylades,
1274 1601 1370 1634 uncle
1397 1599 1616 1634 anthraeina
1641 1610 1731 1634 non-

202 1652 314 1694 nulli,
347 1662 417 1696 ego
446 1653 609 1697 plerique
640 1654 868 1687 retinuerunt
901 1652 1108 1695 obloquente
1134 1652 1325 1696 Kaempfto
1352 1654 1373 1687 l.
1400 1664 1427 1687 s.
1453 1664 1479 1687 s.
1502 1664 1541 1697 Ρ.
1567 1656 1625 1688 27.
1677 1653 1734 1687 De

203 1706 353 1740 anetina
386 1706 431 1749 ef.
460 1706 720 1741 Lachmannus
745 1706 785 1739 in
812 1705 924 1740 Luer.
946 1716 985 1749 Ρ.
1014 1707 1061 1739 16
1087 1706 1252 1749 (quocum
1279 1707 1321 1741 cle
1346 1707 1471 1741 Nonio
1497 1709 1595 1741 errat
1615 1705 1733 1740 Muel-

206 1760 301 1794 lerus
327 1760 347 1794 l.
369 1771 396 1793 s.
417 1762 470 1804 3.).
523 1759 696 1794 fortunad
724 1758 876 1793 anatina
904 1770 999 1793 nune
1021 1759 1196 1793 Botlzz'us3
1222 1762 1306 1805 (ego
1333 1760 1486 1794 anatina
1506 1771 1603 1794 nunc
1623 1761 1731 1803 olim).

203 1811 354 1847 fortuna
380 1824 477 1847 nune
503 1812 679 1847 anetinad
707 1813 748 1846 ob
775 1811 895 1846 Nonii
920 1812 1109 1847 fortunam
1143 1814 1244 1847 reicit
1269 1813 1490 1847 Ritselzelius
1516 1813 1610 1847 Nov.
1638 1813 1731 1847 Eoee.

204 1866 263 1901 Pl.
285 1878 325 1910 Ρ.
348 1869 413 1909 69,
440 1867 500 1901 eui
525 1867 673 1909 confuse
699 1866 906 1909 obloquitur
931 1865 1113 1910 Berqlcius
1141 1866 1287 1901 ‘Beitrz'
1312 1877 1351 1910 Ρ.
1373 1869 1432 1901 72.
1474 1866 1734 1900 Aeeusativum

201 1930 244 1954 ex
275 1919 399 1954 Nonio
437 1920 469 1954 h.
497 1920 519 1954 l.
558 1919 704 1962 defendi
740 1929 815 1952 non
840 1929 946 1962 posse
974 1923 1083 1963 patet.
1138 1919 1191 1963 Cf.
1225 1919 1425 1964 Lanyenus
1457 1920 1498 1953 in
1532 1919 1734 1962 W'oelfflini

201 1973 339 2007 Archio
367 1973 445 2006 III
469 1984 508 2018 Ρ.
536 1976 622 2008 329.
674 1972 737 2007 An
767 1973 842 2015 fuit
872 1983 968 2007 nunc
1001 1973 1230 2007 auaticulina
1263 1973 1321 2018 (ef.
1357 1973 1560 2016 catulinus,
1592 1984 1733 2007 mascu-

202 2026 298 2059 linus
325 2026 416 2071 αῖ.)ζ2

297 2082 376 2115 534.
403 2079 455 2114 Vt
480 2082 678 2125 postquam
705 2079 904 2113 exiuissem
933 2078 1101 2123 Pylades.
1158 2079 1223 2113 Vti
1252 2092 1362 2124 quom
1390 2080 1583 2114 exiuissem
1612 2078 1732 2113 Came-

204 2133 338 2167 rarius.
397 2132 447 2167 Vt
477 2144 588 2178 quom
623 2132 795 2168 exiissem
828 2133 883 2177 (ut
915 2134 971 2168 Ar
1002 2134 1110 2178 falso)
1144 2133 1429 2178 Kampmannus
1455 2133 1591 2167 Annot.
1620 2144 1657 2176 Ρ.
1687 2134 1732 2166 33

201 2187 408 2231 obloquente
443 2186 674 2222 Fleckeiseno
713 2187 788 2221 Ex.
828 2186 886 2222 Pl.
922 2198 958 2230 Ρ,
992 2189 1049 2222 49.
1113 2186 1161 2220 Vt
1200 2197 1312 2230 quom
1351 2187 1538 2231 extemplo
1578 2186 1732 2221 exissem

206 2240 409 2275 Muellerus
443 2240 625 2276 εΝαοῙιίνῖ
661 2252 700 2285 Ρ.
734 2243 782 2275 ’70
820 2240 880 2285 (ef.
918 2240 1019 2275 Pros
1053 2251 1092 2284 Ρ.
1115 2241 1211 2285 485).
1252 2260 1297 2265 -
1336 2239 1386 2274 Vt
1424 2251 1534 2284 quom
1574 2239 1731 2274 exissem

204 2304 247 2327 ex
275 2304 372 2337 aqua
397 2295 435 2328 in
460 2295 559 2328 terra
584 2305 726 2329 arerem
754 2293 1002 2329 Hermannus.
1041 2293 1091 2327 Vt
1120 2305 1231 2338 quom
1258 2293 1413 2327 exissem
1442 2304 1485 2327 ex
1513 2303 1609 2337 aqua
1628 2292 1730 2326 aride

207 2357 350 2381 arerem
376 2345 436 2382 ffl:
461 2348 506 2391 ef.
532 2348 652 2392 praef.

299 2404 377 2435 535.
417 2400 555 2445 aliquoi
595 2400 836 2436 Franckenus
868 2401 888 2434 l.
916 2412 942 2435 s.
969 2411 996 2435 s.
1037 2421 1079 2425 —
1119 2399 1300 2434 manduce
1345 2400 1474 2443 Valla,
1514 2399 1729 2434 Saracenas.

205 2453 390 2488 manduca
414 2454 594 2498 Anqelius
619 2457 651 2488 et
678 2454 840 2499 Sealiqer
866 2455 903 2488 in
934 2454 1089 2489 Conieet.

299 2510 376 2541 537.
406 2506 477 2541 Sed
502 2518 599 2542 nunc
633 2506 655 2541 i.
690 2518 722 2542 o.
757 2518 814 2541 me
844 2507 1013 2552 Pylades.
1058 2507 1163 2541 Nune
1191 2518 1222 2542 o.
1250 2516 1308 2540 me
1335 2506 1358 2541 i.
1386 2506 1549 2541 Guietus.
1596 2505 1667 2539 Sed
1695 2516 1726 2538 o.

203 2571 261 2594 me
287 2560 310 2594 i.
333 2559 598 2595 Fleckeisenus.
636 2560 774 2595 Verum
803 2571 833 2595 o.
861 2571 919 2594 me
946 2561 969 2595 i.
993 2561 1194 2595 Muellerus
1214 2560 1316 2594 Pros.
1342 2572 1377 2603 p.
1401 2562 1482 2595 535.
1519 2559 1544 2591 Ι.
1567 2568 1597 2592 0.
1619 2557 1729 2591 modo

203 2624 262 2647 me
288 2613 454 2649 Bothius.
501 2613 525 2649 I.
554 2625 585 2648 ο.
613 2625 671 2648 me
705 2613 778 2648 sice
806 2613 1052 2648 Hermannus
1101 2612 1153 2655 Of.
1179 2614 1294 2656 praef.
1335 2632 1376 2637 —-
1416 2611 1571 2646 elauisse
1600 2610 1730 2644 Fleck-

203 2667 361 2710 emenus,
384 2670 484 2702 recte.

299 2723 378 2756 538.
432 2720 501 2762 Qui
539 2720 658 2755 istuc?
710 2720 826 2764 ffquia
863 2722 983 2754 tecum
1025 2718 1198 2754 auderem
1236 2719 1398 2753 Guz'etus.
1440 2738 1482 2742 —
1524 2716 1611 2760 quia
1651 2716 1729 2760 (qui

203 2773 369 2818 Reieius)
395 2785 503 2808 ausus
529 2773 659 2808 fuerim
691 2774 859 2819 Pylades.
899 2772 1074 2817 quoniam
1101 2772 1274 2806 auderem
1297 2772 1446 2806 Parcus.
1488 2770 1597 2813 quine
1619 2769 1729 2804 aude-

203 2838 280 2861 rem
302 2826 566 2861 Fleckeisenus.
607 2826 696 2870 quia
722 2837 791 2870 ego
812 2826 983 2861 auderem
1011 2826 1253 2860 Hermcmnus.
1294 2825 1375 2858 An:
1402 2823 1488 2866 quia
1515 2822 1730 2857 auiderem?

300 2884 377 2915 543.
418 2880 474 2914 De
513 2880 607 2914 Nam
647 2880 781 2924 eoqitat
822 2879 1025 2913 Muellerus
1063 2878 1195 2912 Pluloz.
1232 2877 1298 2910 IX
1334 2878 1381 2917 (a.
1423 2877 1532 2918 1⁸54)
1567 2886 1605 2918 Ρ.
1646 2877 1729 2917 740,

206 2932 389 2968 ‘Nachtr.’
413 2945 452 2978 Ρ.
481 2936 551 2968 116
577 2934 633 2975 (de
660 2933 690 2967 (J
713 2943 840 2967 errans
865 2943 944 2966 cum
970 2931 1112 2973 Pareo).

301 2991 381 3021 544.
409 2987 627 3022 deuoratum
653 2987 706 3021 ire
733 2986 899 3021 Bothius.
952 2984 1006 3027 Cf.
1034 2983 1252 3018 Ritseltelius
1281 2980 1409 3025 Opuse.
1440 2981 1495 3014 II
1516 2991 1551 3024 p.
1579 2982 1655 3016 225
1676 2991 1725 3024 sq.
