1946 3344
744 185 991 221 APPENDIX
1566 186 1647 226 121

220 286 298 317 529.
326 281 400 316 iam
426 282 491 316 del.
519 281 737 316 Ritsclzelius
763 281 904 327 Proleq.
925 294 964 326 p.
994 281 1211 317 CLXXIX
1223 292 1272 326 sq.
1298 280 1376 316 Nec
1403 281 1510 316 Salus
1537 281 1568 315 si
1593 293 1651 316 me

125 346 275 370 seruare
310 334 436 380 cupiat
468 333 581 369 etiam
613 346 709 369 nunc
741 337 868 380 potest
896 334 1106 380 Geppertus.
1157 333 1288 379 Neque
1321 334 1394 369 iam
1421 345 1481 368 me
1509 334 1542 368 S.
1571 347 1594 371 S.
1623 335 1652 369 si

119 390 202 425 uolt
227 390 314 433 pote
340 399 408 423 nec
434 387 579 432 copiast
603 386 656 424 ἕ.
688 388 739 431 Cf.
768 388 1038 424 Studenumdus
1064 389 1085 423 l.
1111 399 1137 424 s.
1164 400 1190 424 s.

215 446 294 477 530.
340 441 422 476 Nisi
449 441 480 475 si
513 452 594 476 meo
622 441 863 476 Camerarius.
900 464 939 467 ——
974 441 1035 476 Me
1062 439 1287 486 expediundi
1316 439 1387 474 nisi
1416 440 1446 475 si
1473 440 1649 475 astutiam

119 496 283 540 aliquam
309 495 419 530 corde
445 494 640 530 machinor
660 495 880 530 Ritselielius
900 495 921 529 l.
942 505 969 529 s.
989 505 1015 529 s.
1044 495 1104 538 (ef.
1127 494 1382 530 Fleelceiseuus
1401 494 1540 528 Auual.
1556 495 1649 538 phil.

118 552 145 584 tj
169 549 276 583 LXI
292 560 331 593 Ρ.
353 548 428 593 27).
482 549 601 583 lamb.
629 559 699 583 seu.
722 552 806 593 post
832 548 1007 583 Botliium
1032 548 1101 590 clef.
1129 547 1400 582 Stuclemuudus
1425 547 1467 582 cle
1492 551 1586 582 eant.
1613 559 1647 592 p.

121 605 184 645 77,
210 602 387 645 Brixius,
420 602 506 636 alii:
545 605 583 636 at
614 612 658 636 ue
687 602 883 637 sententiae
919 601 1061 646 quidem
1095 601 1236 646 ‘aliqua
1268 601 1421 636 astutia'
1455 601 1650 645 satisfacit,

119 666 193 690 nou
218 655 334 700 mayz's
359 665 517 699 quamv.
546 657 629 690 539.

214 711 292 743 532.
318 707 554 752 ineptiasque
574 707 684 741 uideo
710 706 915 752 incoepisse
936 708 1104 754 Pylades.
1133 709 1244 752 atquc
1271 707 1431 752 ineptias
1455 719 1514 742 me
1540 708 1649 743 uideo

118 761 301 805 incepisse
329 760 542 807 Speuyelius
568 760 699 796 Plcilol.
728 760 950 795 XXXVII
964 773 1004 806 p.
1032 764 1114 797 439.
1154 760 1390 806 ineptiasque
1417 761 1518 796 haud
1544 761 1648 796 dubi-

118 817 217 850 umst
243 826 301 850 me
329 814 495 859 coepisse
521 813 709 859 Anyelius.
736 813 970 860 ineptiasque
997 814 1178 859 incepisse
1206 814 1409 849 accusabor
1435 814 1647 859 Geppertus.

117 867 353 914 ineptiasque
391 867 569 912 incipisso
609 867 852 903 Camerarius.
899 889 941 894 -—
987 867 1221 913 ineptiasque
1254 865 1438 911 incepisse
1471 867 1650 903 exhorreo

119 922 265 965 (horreo
286 932 358 966 pro
384 921 519 956 haereo
545 921 624 965 ms.)
651 921 801 956 Parcus.
829 942 873 947 —
900 922 1036 957 haereo
1063 920 1145 955 Nisi
1170 931 1288 965 nugas
1314 920 1548 965 ineptiasque
1574 922 1648 957 iam

119 975 294 1021 incipisso
321 986 510 1010 maxumas
536 974 755 1009 Ritselzelz'us
781 975 802 1010 l.
829 986 855 1011 s.
877 986 904 1010 s.
932 977 1015 1019 (ego
1036 985 1108 1019 pro
1133 974 1208 1009 iam
1229 973 1482 1009 Fleckeiseuus
1503 975 1523 1009 l.
1545 985 1572 1010 s.
1593 977 1647 1019 s.).

214 1032 292 1064 534.
319 1028 427 1063 Enim
453 1039 541 1063 uero
561 1040 658 1063 nunc
687 1039 756 1074 ego
777 1029 1058 1064 Limlemauuus
1083 1028 1264 1071 refutatus
1290 1040 1313 1062 a
1332 1028 1524 1072 Kaempfco
1545 1029 1566 1062 l.
1583 1039 1608 1063 s.
1623 1041 1649 1063 s.

112 1096 150 1129 p.
166 1087 224 1119 36.
248 1104 290 1109 —-
312 1081 432 1118 occidi
453 1093 533 1127 ego,
561 1083 650 1117 eunt
673 1083 720 1117 ad
746 1082 810 1117 ted
833 1082 995 1118 Guietus.
1017 1093 1086 1127 ego
1108 1080 1238 1117 occidi.
1267 1082 1356 1115 eunt
1380 1081 1428 1115 ad
1449 1082 1512 1116 ted
1532 1082 1649 1117 Lacla-

116 1148 273 1173 mauuus
298 1138 339 1171 iu
364 1136 474 1171 Luer.
493 1147 531 1179 p.
553 1139 627 1171 338
654 1136 714 1182 (ef.
736 1136 957 1172 Ritseleelius
975 1136 1024 1171 N.
1046 1135 1140 1170 Ea‘c.
1167 1135 1223 1170 Pl.
1240 1146 1280 1179 p.
1303 1134 1374 1179 43).
1404 1145 1434 1169 e.
1456 1146 1487 1169 ο.
1510 1135 1651 1170 adeunt

118 1191 165 1226 ad
191 1190 254 1225 ted
279 1189 439 1224 Bria‘ius
465 1189 561 1224 olim.
578 1200 606 1224 e.
635 1200 666 1224 o.
694 1189 872 1225 incedunt
896 1190 950 1224 vel
976 1189 1111 1224 cedunt
1137 1188 1183 1223 ad
1204 1189 1242 1223 te
1263 1188 1480 1223 ll'ez'clnerus
1499 1189 1649 1224 Aclvers.

112 1256 150 1289 p.
180 1247 222 1278 11
250 1253 323 1279 uon
350 1243 578 1287 improbante
602 1242 781 1287 Haspero.
834 1243 939 1278 Duos
964 1244 1048 1278 clim.
1076 1242 1184 1277 troeh.
1213 1242 1319 1277 catal.
1348 1241 1560 1287 Speuyelius
1586 1244 1649 1278 acl-

116 1298 223 1333 misit.
254 1296 414 1332 Ceterum
440 1297 484 1339 ef.
513 1295 784 1332 Studemzmdus
815 1297 858 1331 ele
890 1299 985 1332 caut.
1007 1308 1046 1341 p.
1069 1298 1127 1331 65.
1155 1298 1211 1330 75.
1246 1294 1339 1328 mihi
1370 1295 1440 1330 leuc
1471 1296 1650 1331 adscitum

117 1363 140 1386 a
166 1350 419 1385 Liuclemauno
445 1349 506 1394 (ef.
538 1349 614 1385 Ter.
642 1351 740 1385 And.
766 1352 842 1386 263
856 1351 920 1394 sq.)
954 1350 1047 1384 inter
1072 1349 1144 1383 Res
1173 1352 1206 1384 et
1231 1347 1349 1383 omnis
1378 1359 1405 1383 v.
1434 1352 1502 1383 536
1534 1350 1648 1384 incul-

116 1404 213 1440 cavit
237 1403 414 1447 Briaeius,
439 1413 519 1438 eum
539 1402 793 1439 Fleckeiseuus
817 1415 847 1439 υ.
877 1406 944 1438 535
971 1403 1155 1448 reliquerit
1175 1402 1394 1446 praeiuueto
1419 1413 1504 1437 nan]
1532 1404 1650 1438 delens

118 1457 212 1500 Quid
233 1458 377 1501 loquar,
397 1457 615 1501 praeiuucto
635 1456 708 1492 iam
730 1461 813 1493 aute
832 1457 905 1492 Res
927 1456 1045 1492 omnis
1065 1456 1208 1492 traiecit
1222 1455 1375 1490 Guietus
1395 1456 1497 1500 (quid
1519 1455 1650 1500 loquar

118 1511 236 1546 versui
261 1513 330 1544 534
356 1510 584 1554 acliuuyeus).

213 1566 293 1598 540.
321 1574 366 1598 en
392 1562 673 1598 Liuclemauuus
699 1564 795 1607 (item
821 1574 851 1598 v.
875 1565 969 1608 570).
1015 1563 1073 1598 De
1098 1563 1207 1598 troelt.
1234 1573 1403 1598 mensura
1428 1574 1502 1598 uon
1527 1564 1650 1599 debuit

117 1618 274 1663 eoyitare
308 1617 509 1652 Muellerus
542 1617 646 1652 Pros.
674 1627 713 1662 p.
747 1619 823 1652 292
836 1627 885 1662 sq.
945 1616 1107 1652 Ceterum
1144 1617 1186 1651 de
1222 1627 1373 1651 caesura
1405 1628 1436 1653 v.
1471 1620 1538 1651 539
1570 1618 1652 1652 vide

116 1670 304 1716 Meyerum
331 1670 352 1705 l.
379 1680 405 1704 s,
432 1680 459 1704 s.
481 1680 520 1714 p.
550 1673 592 1704 71
629 1671 713 1705 acln.
759 1669 856 1705 Aule
883 1680 910 1704 v.
940 1673 1007 1704 539
1041 1681 1073 1705 v.
1105 1673 1173 1705 536
1203 1669 1404 1714 Geppertus
1429 1670 1590 1714 traiecit,
1616 1682 1646 1705 v.

118 1728 184 1759 535
206 1727 291 1769 post
316 1734 346 1758 v.
375 1726 452 1758 540.

213 1780 290 1812 545.
318 1776 469 1811 minime
502 1775 614 1811 miror
647 1776 676 1811 si
708 1775 739 1811 is
771 1779 808 1812 te
840 1776 938 1822 fugit
971 1777 1140 1822 Pylades.
1175 1775 1288 1812 miror
1321 1777 1472 1812 minime
1499 1777 1529 1811 is
1556 1776 1586 1811 si
1614 1778 1649 1811 te

119 1830 256 1876 fugitat
281 1831 359 1865 alii.

213 1887 293 1919 547.
319 1883 379 1918 hic
406 1883 518 1918 homo
543 1883 655 1918 homo
676 1883 888 1929 »S'peuyelius
915 1885 935 1919 l.
957 1895 983 1919 s.
1004 1896 1031 1919 s.
1079 1884 1239 1920 Celerum
1266 1885 1312 1928 ef.
1339 1884 1491 1920 Rostius
1519 1887 1649 1929 opusc.

121 1938 147 1971 I
165 1948 204 1982 p.
230 1940 287 1972 44.

214 1994 293 2026 550.
319 1990 531 2035 insputatur
551 1993 635 2035 post
661 1990 763 2026 Hier.
792 1991 1049 2027 Mercurialem
1077 1991 1162 2026 Var.
1186 1993 1259 2027 leet.
1285 1992 1316 2026 V
1339 1995 1383 2026 11
1410 1991 1651 2037 Botleiumque

118 2045 356 2079 vindicarunt
375 2044 574 2089 Lauqeuus
596 2044 743 2079 ‘Belua’
756 2056 793 2090 12-
809 2048 885 2081 220
905 2045 1163 2090 Vssz‘uyiusque
1185 2045 1316 2080 ‘North
1338 2045 1476 2080 Tidskr.
1493 2046 1518 2088 f.
1535 2045 1647 2080 Phil.⁷

118 2109 151 2133 a.
178 2101 278 2133 1880
301 2108 336 2142 p.
366 2100 414 2132 67
427 2108 476 2142 sq.
504 2097 563 2132 cui
588 2097 800 2142 insputatur
826 2098 1036 2142 Geppertus.

214 2154 293 2185 551.
333 2151 514 2196 apscedas
547 2151 718 2186 Bosscha.
758 2151 804 2186 ab
837 2151 931 2187 istoc
964 2152 1093 2196 procul
1123 2156 1215 2188 recte
1244 2152 1423 2197 praetulit
1455 2151 1650 2197 Seyffertus

119 2205 140 2239 l.
167 2215 194 2239 s.
220 2214 247 2239 s.
270 2215 308 2249 p.
336 2207 434 2240 1352
462 2205 521 2248 (cf.
549 2203 750 2239 Muellerus
776 2205 878 2240 Pros.
900 2217 939 2250 p.
969 2208 1064 2251 133).
1094 2227 1138 2231 —
1165 2206 1245 2250 ain,
1272 2206 1452 2242 uerbero?
1480 2207 1649 2242 Briteius.

120 2257 198 2301 ain,
225 2258 398 2303 uerbero,
424 2258 541 2302 vulgo.

214 2314 292 2346 552.
326 2311 445 2347 hastis
471 2322 593 2346 meam
619 2312 776 2346 matrem
803 2312 842 2346 et
866 2314 1009 2357 patrem
1037 2313 1207 2349 Bosseltu.
1246 2313 1308 2347 Au
1333 2313 1424 2357 fuit.-
1469 2314 1527 2347 Mc
1554 2313 1649 2348 rabi-

119 2376 221 2400 osum
250 2375 330 2400 csse
356 2367 468 2410 atque
494 2365 716 2399 insectatum
743 2365 861 2399 hastis
888 2376 1011 2400 meum
1039 2376 1221 2401 memoras
1248 2368 1394 2410 patrem
1423 2366 1482 2412 (ef.
1512 2366 1591 2410 Β).9

215 2421 293 2453 553.
321 2419 369 2454 Et
395 2429 478 2453 cum
503 2418 596 2453 mihi
622 2429 701 2453 esse
721 2417 890 2453 morbum
918 2421 959 2453 ut
984 2420 1047 2463 qui
1074 2430 1131 2453 me
1150 2419 1408 2455 Fleelceiseuus
1435 2420 1494 2464 (cf.
1512 2420 1650 2454 Auual.

115 2472 201 2516 phil.
232 2471 335 2507 LXI
355 2483 390 2516 ρ.
407 2475 462 2506 51.
492 2471 606 2507 τΚνίὶὲ.
633 2471 746 2506 misc.’
770 2482 809 2516 p.
826 2473 905 2515 35)).-
932 2483 962 2506 v.
991 2472 1210 2507 Ritsclielius
1230 2472 1278 2507 N.
1301 2472 1394 2508 Eme.
1414 2472 1474 2508 Pl.
1496 2473 1523 2506 I
1540 2484 1576 2517 2).
1593 2476 1649 2508 4›.

123 2546 162 2549 —
190 2526 233 2560 ut
258 2525 322 2569 qui
346 2525 438 2560 mihi
467 2524 677 2569 Geppertus.

215 2581 294 2613 555.
335 2580 446 2623 atque
473 2577 556 2613 aliis
584 2577 825 2614 Camerarius.
855 2578 931 2612 ΤΥ.
959 2579 1069 2623 atque
1096 2578 1189 2613 Aliis
1217 2578 1396 2614 Gruterus
1423 2578 1564 2622 Suspic.
1586 2579 1606 2612 l.
1629 2578 1655 2611 I

120 2635 152 2667 4.
189 2632 302 2677 atque
337 2631 412 2666 illis
443 2631 611 2667 Bosselca.
655 2633 767 2676 atque
801 2631 882 2665 ibus
920 2631 1085 2667 Botulus.
1120 2634 1232 2677 atquc
1266 2632 1355 2667 eieis
1389 2632 1648 2666 Laclzmaomus

120 2686 161 2719 iu
186 2685 450 2730 Lucr.p.262.
479 2686 591 2729 atque
617 2685 647 2719 is
673 2684 710 2719 id
733 2684 933 2720 Muellerus
960 2685 1143 2721 ‘Naehtn’
1154 2697 1193 2730 p.
1210 2688 1257 2721 84
1283 2686 1368 2721 aclu.
1396 2687 1508 2728 atquc
1534 2695 1650 2728 acque

120 2738 152 2772 is
178 2737 392 2783 Speuqelius
419 2740 440 2773 l.
467 2749 493 2773 s.
520 2748 548 2773 s.
569 2750 608 2783 p.
635 2740 717 2773 440.
763 2739 815 2773 Iu
840 2737 918 2773 fuit
943 2749 1017 2774 uo‘n
1042 2740 1259 2774 lzaeremlum
1287 2739 1345 2783 (ef.
1371 2738 1468 2773 Rucl.
1489 2748 1519 2772 v.
1542 2739 1651 2781 217).-

122 2792 182 2827 secl
208 2793 320 2836 atque
346 2792 376 2827 is
402 2792 466 2826 via:
490 2802 631 2827 sanum.
671 2792 750 2826 Au:
777 2792 814 2826 et
840 2791 1009 2835 quamuis
1025 2792 1044 2826 g>

219 2847 298 2879 558.
338 2846 380 2879 fit
412 2845 510 2889 quod
544 2844 613 2879 tibi
647 2845 814 2880 Botlcius.
860 2845 901 2879 fit
927 2845 1024 2889 quod
1059 2857 1128 2891 ego
1156 2845 1422 2879 FleelceiseuuS.
1468 2842 1525 2876 est
1550 2845 1650 2887 quod

124 2897 194 2932 tibi
225 2908 294 2943 ego
333 2899 400 2943 (vel
425 2897 484 2933 Fit
510 2909 543 2942 q.
571 2899 595 2932 t.
624 2909 654 2932 e.
753 2909 842 2933 caue
869 2898 956 2941 tibi,
983 2897 1118 2943 Hegio)
1152 2898 1350 2932 Muellerus
1376 2896 1477 2930 Pros.
1500 2907 1539 2940 p.
1567 2899 1649 2931 465.

123 2951 222 2994 quod
248 2951 318 2986 tibi
345 2962 414 2997 ego
442 2951 652 2997 Speuyelius
678 2952 699 2986 l.
726 2962 752 2986 s.
780 2962 805 2986 s.
828 2963 868 2996 p.
895 2954 974 2985 441.
1021 2950 1090 2985 tibi
1121 2949 1404 2995 monosyllabum
1439 2949 1551 2983 eredit
1577 2949 1651 2983 Leo
