1946 3344
241 227 306 262 XX
859 216 1135 257 PRAEFATIO

243 338 320 378 set.
383 334 525 388 Atque
571 333 718 375 statim
765 332 817 373 ab
865 330 988 371 initio
1028 345 1068 385 p.
1102 329 1188 372 610
1227 330 1378 371 scribit
1424 330 1503 371 sibi
1546 330 1771 372 ‘iniuriosa

244 406 436 448 convicia
468 403 729 460 repellenda'
764 417 868 444 esse.
930 401 1025 443 Iam
1053 401 1089 443 si
1116 416 1167 443 ex
1193 415 1374 443 censura
1406 401 1482 442 illa
1515 416 1646 443 unum
1679 416 1770 443 ver-

244 479 345 519 bum
390 475 581 531 proferre
626 473 840 528 potuerit,
887 471 1000 526 quod
1039 471 1223 514 convicii
1262 474 1389 526 atque
1429 471 1534 513 adeo
1576 471 1774 513 iniuriosi

246 548 427 590 convicii
472 546 646 588 nomine
690 548 806 586 recte
852 543 1114 598 appelletur,
1159 557 1226 584 me
1271 542 1472 584 iniuriam
1516 542 1668 584 fecisse
1711 542 1776 583 illi

246 619 417 675 publice
450 617 632 660 fatebor.
697 614 859 665 Quodsi
886 628 969 655 non
998 612 1169 668 poterit,
1201 612 1293 667 ipse
1326 611 1534 654 fatebitur
1567 626 1610 653 se
1644 611 1774 654 emen-

246 691 373 732 titum
407 689 515 731 esse'
549 691 678 743 atque
711 685 913 727 iniuriam
946 684 1051 725 mihi
1083 684 1247 726 fecisse.

368 760 490 810 Quod
523 774 624 801 vero
657 773 733 812 per
765 757 876 798 hanc
903 756 1133 797 editionem
1168 755 1408 809 permultos
1429 780 1483 783 —
1505 769 1777 810 nequaquam

250 847 397 875 omnes
434 856 483 861 ——
520 830 669 872 notavi
695 827 884 871 Vahleni
917 841 1094 881 errores,
1125 841 1213 868 non
1244 826 1339 867 ideo
1372 826 1466 880 feci,
1498 828 1546 867 ut
1576 841 1654 880 par
1685 826 1780 881 pari

250 904 453 946 referrem
485 926 533 932 -—
564 901 676 956 quod
703 914 770 941 me
802 898 995 940 noluisse
1028 899 1118 952 ipse
1152 901 1276 939 tenor
1310 896 1636 938 adnotationum
1670 912 1778 939 mea-

251 990 344 1017 rum
379 972 695 1016 demonstrabit
727 995 802 1025 —,
835 970 908 1011 sed
945 969 1064 1023 ideo,
1103 969 1202 1023 quia
1240 968 1321 1009 hac
1365 970 1504 1009 aetate
1537 967 1676 1009 ‘laxae
1709 968 1780 1010 ob-

253 1044 522 1100 servantiae’,
571 1057 699 1099 quam
744 1042 880 1083 facete
925 1039 1189 1082 Ritschelius
1237 1038 1361 1093 dixit,
1405 1038 1559 1080 vindex
1605 1039 1784 1094 exstitit,

255 1133 379 1173 quem
419 1117 505 1159 iam
543 1113 740 1157 nonnulli
779 1127 857 1167 pro
898 1111 1002 1153 duce
1042 1114 1170 1166 atque
1210 1110 1497 1165 antesignano
1531 1109 1690 1152 habere
1723 1111 1782 1150 vi-

254 1191 445 1231 deantur.
506 1186 631 1228 Hunc
666 1199 765 1226 vero
799 1183 1026 1225 ‘ordinem'
1064 1181 1395 1236 improbandum
1433 1195 1526 1223 esse
1557 1182 1681 1223 novis
1715 1196 1782 1222 ex-

255 1261 406 1315 emplis
436 1259 730 1301 demonstrare
757 1268 986 1310 possumus
1013 1254 1058 1295 in
1091 1253 1170 1295 hac
1198 1252 1399 1307 editione,
1432 1252 1506 1293 ubi
1539 1252 1655 1294 haud
1688 1267 1784 1294 raro

256 1331 378 1374 novis
404 1328 682 1371 Ambrosiani
714 1325 975 1368 testimoniis
1008 1339 1153 1366 veram
1186 1324 1303 1366 viam
1335 1324 1501 1365 munire
1528 1324 1663 1366 licuit.
1727 1323 1787 1365 Vt

257 1417 393 1458 pauca
418 1402 499 1443 hoc
526 1413 696 1455 quoque
722 1398 818 1439 1000
852 1397 1052 1438 delibem:
1088 1396 1199 1450 quod
1231 1411 1270 1437 V.
1295 1395 1381 1437 299
1410 1394 1593 1449 Pylades
1626 1398 1670 1436 tu
1703 1410 1789 1437 ser—

257 1474 371 1516 moni
408 1471 679 1527 aptissimum
715 1468 871 1511 adiecit
903 1470 1081 1522 propter
1114 1467 1299 1527 hiatum,
1331 1469 1540 1521 tanquam
1574 1481 1785 1508 commen-

258 1549 349 1587 tum
379 1557 554 1599 prorsus
582 1541 736 1583 inutile
768 1555 820 1582 ne
855 1539 1264 1581 commemoratione
1299 1537 1472 1593 quidem
1506 1538 1682 1592 dignum
1713 1537 1787 1579 ha-

258 1618 352 1658 buit
377 1615 611 1667 Vahlenus,
638 1614 741 1654 item
773 1611 886 1666 quod
913 1626 949 1652 v.
979 1610 1066 1652 495
1098 1612 1277 1665 propter
1308 1609 1790 1664 proceleusmaticumss)

259 1685 519 1728 Ritschelius
539 1684 643 1727 mihi
662 1684 732 1737 qui
751 1683 937 1724 traiecit:
960 1706 1014 1711 ——
1035 1684 1264 1736 utrumque
1280 1681 1321 1722 A
1342 1681 1582 1723 confirmat.
1630 1678 1792 1722 Contra

260 1774 297 1800 v.
330 1757 414 1799 589
449 1770 510 1797 me
542 1756 586 1796 in
619 1754 702 1797 OD
735 1755 937 1795 iteratum
974 1754 1143 1794 reduxit
1174 1751 1408 1806 Valilenus,
1442 1752 1515 1807 qui
1547 1766 1635 1793 non
1664 1750 1790 1792 facile

261 1828 425 1884 patitur
471 1827 703 1881 quidquam
742 1825 899 1880 perire,
945 1824 1058 1879 quod
1104 1824 1304 1865 librarius
1354 1823 1507 1878 aliquis
1551 1822 1788 1877 scripserit:

263 1900 349 1942 iam
388 1900 430 1940 A
469 1912 564 1939 cum
600 1897 643 1939 B
677 1896 948 1939 consentiens
982 1895 1139 1937 afuisse
1174 1895 1226 1936 ab
1262 1894 1495 1949 archetypo
1529 1893 1795 1935 demonstrat

264 1973 464 2025 recteque
491 1970 698 2010 omissum
731 1982 821 2009 esse
850 1984 873 2008 a
899 1967 1113 2021 plerisque
1147 1966 1394 2007 editoribus.
1458 1965 1611 2006 Puram
1642 1967 1789 2019 putam

265 2042 399 2084 habes
434 2038 702 2082 ‘laxitatem’
737 2040 779 2080 in
820 2039 901 2092 eis,
949 2052 1056 2092 quae
1095 2037 1317 2079 Vahlenus
1357 2037 1407 2078 de
1446 2037 1654 2078 incisione
1695 2050 1795 2077 ana-

266 2112 407 2167 paesti
439 2111 632 2166 disputat
663 2109 850 2151 Hermae
883 2108 1008 2150 XVII
1039 2124 1078 2163 p.
1101 2108 1197 2150 604.
1260 2107 1552 2149 Proficiscitur
1586 2121 1610 2148 a
1641 2121 1676 2148 v.
1699 2105 1797 2159 556,

267 2184 341 2225 ubi
373 2198 470 2225 cum
504 2197 553 2224 eo
586 2181 680 2236 ipso
714 2181 808 2222 1000
843 2180 892 2220 de
930 2194 1014 2234 quo
1057 2179 1202 2234 agitur
1235 2194 1259 2220 a
1291 2178 1414 2219 libris
1448 2178 1678 2219 dissentiat
1709 2176 1796 2219 No-

267 2254 386 2307 nius,
419 2252 661 2307 quicunque
702 2251 772 2292 via
804 2265 852 2292 ac
884 2251 1052 2292 ratione
1087 2248 1409 2303 progrediatur,
1445 2247 1611 2289 diffidet
1642 2248 1799 2302 potius.

268 2326 407 2367 immo
443 2338 537 2366 011111
565 2321 700 2363 Nonii
729 2321 941 2375 scriptura
976 2320 1229 2375 exquisitior
1263 2319 1333 2373 sit,
1366 2319 1575 2361 librorum
1610 2333 1692 2374 qua
1726 2319 1798 2360 ab·

271 2397 407 2438 utitur
445 2393 669 2436 Vahlenus
712 2396 861 2447 aperto
900 2392 1063 2433 nitatur
1101 2405 1243 2432 errore
1284 2389 1353 2445 (cf.
1388 2390 1481 2432 adn.
1515 2393 1557 2430 et
1590 2389 1802 2444 append),

272 2469 317 2509 in
364 2465 624 2508 contrariam
666 2466 832 2517 partem
871 2463 951 2505 hoe
993 2463 1232 2516 exemplum
1276 2462 1401 2502 valet.
1465 2459 1543 2502 Oui
1581 2459 1802 2502 Vahlenus

275 2539 459 2580 alterum
506 2535 701 2590 adiungit
745 2534 863 2576 ‘item
911 2535 1122 2576 librorum
1166 2531 1428 2574 testimoniis
1475 2530 1704 2573 firmatum'
1740 2531 1803 2572 Tu

275 2622 450 2663 mafflzus
487 2609 649 2648 amator
687 2621 723 2646 v.
756 2606 853 2646 268.
924 2604 987 2645 De
1027 2603 1307 2645 testimoniis
1347 2617 1443 2644 cum
1484 2601 1598 2643 dicat
1636 2601 1805 2643 videtur

272 2679 410 2722 BOD
449 2678 706 2731 scripturam
745 2690 824 2730 pro
868 2675 1046 2715 divorsis
1085 2674 1324 2728 venditare,
1365 2674 1477 2727 quod
1515 2672 1641 2713 nobis
1675 2670 1802 2713 ‘criti-

397 2867 430 2912 ψ)
457 2867 533 2900 Aut
558 2864 656 2899 ridet
685 2863 750 2898 aut
782 2862 983 2898 contemnit
1007 2861 1193 2896 Vahlenus
1216 2872 1289 2905 eos,
1316 2861 1378 2905 qui
1406 2859 1510 2896 velut
1534 2858 1572 2892 in
1599 2858 1802 2902 anapaesto

280 2933 312 2961 πῄ.
342 2924 409 2954 204
436 2919 494 2955 vel
522 2931 553 2953 v.
583 2922 651 2953 300
677 2917 871 2952 haereant:
907 2915 979 2950 iam
1015 2915 1046 2949 A
1082 2915 1190 2949 docet
1227 2914 1364 2950 iustam
1402 2912 1514 2948 fuisse
1552 2909 1804 2955 offensionem,

283 2974 351 3007 etsi
380 2974 498 3007 altero
524 2973 606 3008 loco
633 2969 838 3007 remedium
865 2967 1182 3015 sinwlicissimum
1209 2968 1406 3004 neniodum
1432 2965 1636 3002 invenerat.
