1946 3344
283 203 368 256 'xvi
906 221 1178 258 PRAEFATIO

283 333 326 374 in
373 333 466 387 ipsa
506 347 659 374 scaena
705 331 758 373 ad
801 332 912 385 pilas
959 331 1165 387 alligatos
1208 330 1379 388 solviss).
1455 332 1571 382 Quae
1612 349 1707 376 cum
1749 335 1810 376 ita

284 405 388 458 sint,
428 404 667 446 necessario
710 418 886 444 mancus
929 403 1001 444 ille
1048 419 1071 444 a
1113 418 1196 458 quo
1241 403 1423 458 profecti
1469 419 1616 446 sumus
1661 420 1809 447 versus

283 477 394 517 intus
426 475 673 517 adverbium
706 478 806 529 post
837 475 1155 516 adulescentem
1197 474 1435 516 addendum
1467 477 1646 530 requirit
1678 475 1749 532 (cf.
1774 492 1811 518 v.

285 547 409 588 1015.
452 546 605 600 Amph.
642 546 736 587 120.
775 545 930 589 Bacch.
970 546 1066 587 568.
1099 545 1189 587 Mil.
1224 546 1349 600 545):
1394 547 1504 588 unde
1548 548 1811 589 contrariam

283 618 619 659 Dombartianae
653 617 909 659 sententiam
943 617 1034 671 ipse
1068 631 1235 672 quoque
1267 617 1416 659 induit.

402 687 605 742 Captivos
651 703 700 729 ex
739 703 926 743 quonam
970 688 1202 741 exemplari
1248 689 1506 743 expresserit
1548 693 1677 744 poeta
1714 691 1811 732 bar-

283 761 411 801 barus
451 760 579 813 plane
624 760 887 814 ignoramus.
949 758 1062 801 Nam
1103 759 1215 814 quod
1248 758 1548 802 Fleckeisenus
1583 761 1812 816 adscripsit

283 830 521 873 GRAECA
550 829 1007 883 [ANAXANDRIDI]
1034 829 1193 871 Mureti
1219 830 1373 872 nititur
1401 831 1705 888 sententia’³‘³¹‘)⁷
1738 833 1811 888 qui

284 903 394 944 Lect.
428 918 513 944 var.
545 901 650 943 XIV
682 903 707 943 9
742 918 782 956 p.
813 902 899 944 485
933 917 1028 943 cum
1059 901 1201 942 verbis
1235 902 1318 943 636
1336 917 1394 957 sq.
1429 903 1546 944 illius
1581 903 1721 945 locum
1755 903 1809 945 ab

280 973 507 1015 Athenaeo
541 973 621 1015 XV
653 988 693 1027 p.
727 973 849 1014 6881)
884 975 1100 1014 servatum
1135 973 1304 1027 (fragm.
1338 973 1420 1015 inc.
1452 973 1559 1015 VIII
1593 973 1719 1015 Mein.
1753 995 1808 1008 =

281 1044 335 1085 59
358 1042 512 1100 Kock.)
535 1045 717 1086 contulit
737 1037 770 1086 ὦ
787 1041 960 1098 πονηρὰ
980 1044 1140 1098 καρδία
1159 1042 1161 1100 l
1180 1042 1514 1098 ἐπιχαιρέκακον
1535 1041 1593 1095 ὡς
1613 1041 1653 1087 εἶ
1665 1043 1807 1099 μόνον

281 1116 361 1156 τοῦ
394 1113 611 1170 σώματος·
653 1112 777 1171 ὀρχεῖ
805 1112 888 1169 γὰρ
922 1111 1078 1167 εὐθὺς,
1110 1110 1166 1156 ἂν
1200 1116 1298 1170 ἴδῃς
1332 1113 1582 1158 δεδοικότας
1628 1131 1807 1171 quorum

280 1187 471 1227 locorum
511 1187 745 1228 similitudo
779 1187 949 1228 etiamsi
982 1186 1119 1227 maior
1153 1188 1266 1227 esset
1305 1211 1352 1215 -—
1388 1201 1526 1241 neque
1559 1188 1673 1229 enim
1705 1188 1809 1229 dicti

280 1260 407 1298 tenor
434 1257 616 1312 quadrat
649 1258 699 1299 ad
727 1258 870 1299 locum
890 1257 1136 1298 Plautinum
1160 1281 1226 1311 —‚
1260 1257 1367 1298 nihil
1400 1258 1614 1311 probaret.
1666 1258 1808 1313 Atque

284 1329 424 1370 minus
459 1329 589 1370 etiam
622 1329 738 1370 valet
768 1328 1004 1382 Ladewigii
1045 1328 1291 1369 coniectura
1334 1328 1404 1382 (de
1436 1328 1556 1371 Volo.
1591 1328 1685 1371 Sed.
1718 1343 1808 1370 can.

280 1415 318 1454 p.
353 1400 406 1441 28
423 1415 500 1454 sq.:
535 1403 580 1441 at
612 1399 663 1441 cf.
697 1400 876 1441 eundem
914 1399 957 1440 in
996 1397 1150 1453 Paulyi
1188 1399 1367 1453 Encycl.
1400 1399 1436 1441 V
1471 1415 1511 1454 p.
1546 1400 1698 1455 7773),
1737 1400 1810 1455 qui

399 1547 431 1590 ⁹³⁶)
465 1547 580 1590 „llsir
611 1548 727 1582 haben
757 1558 828 1582 uns
859 1557 905 1580 zu
936 1545 1092 1588 denhem,
1130 1545 1214 1580 dass
1245 1541 1308 1580 ‘deo-
1334 1545 1464 1580 Sklave
1495 1547 1668 1582 entweder
1699 1547 1810 1582 allein

279 1601 452 1645 fortqeht,
484 1612 544 1635 um
571 1601 628 1635 die
662 1600 813 1634 catenae
849 1599 1076 1644 singulariae
1108 1609 1154 1632 zu
1179 1599 1300 1642 Ῑιοῖεκ,
1333 1599 1390 1633 die
1422 1610 1459 1633 eo·
1490 1600 1609 1644 daun,
1639 1599 1810 1634 wahrend

281 1654 398 1698 Heyz'o
424 1655 504 1689 und
529 1654 728 1698 Eryasilus
753 1654 828 1688 sich
852 1654 1099 1694 unterhalten,
1126 1653 1195 1688 den
1224 1653 1476 1697 Gefaozyenen,
1501 1654 1673 1688 ozaclzdem
1698 1664 1735 1687 er
1760 1653 1811 1687 sie

279 1718 350 1742 von
375 1709 443 1742 den
463 1707 627 1750 Pseileroz
651 1708 772 1751 yelo'st,
799 1708 919 1751 anleyt
944 1707 1029 1741 oder
1049 1707 1136 1740 class
1161 1717 1198 1740 er
1224 1707 1282 1740 die
1300 1707 1476 1741 schureren
1496 1705 1628 1740 Ketten
1652 1716 1722 1740 von
1741 1706 1810 1740 den

279 1761 442 1804 Pfeilemz
469 1761 625 1803 loshakt,
651 1761 708 1794 (lie
734 1760 968 1804 Gefawqenen
993 1760 1051 1793 ins
1079 1760 1105 1792 Ι
1105 1770 1214 1793 νικᾶτε
1240 1760 1299 1794 cles
1325 1759 1470 1794 Hauses
1494 1760 1612 1802 fzihrt,
1639 1759 1720 1794 dort
1745 1759 1810 1792 mit

280 1815 348 1848 den
381 1815 569 1848 leichteren
603 1813 753 1848 Fesseln
785 1813 935 1847 versieht
965 1814 1044 1847 und
1076 1814 1178 1847 dcznn
1211 1812 1265 1846 bei
1291 1812 1437 1856 Beqztnn
1462 1813 1521 1847 (les
1547 1816 1583 1847 2.
1610 1812 1720 1846 Aletes
1745 1812 1810 1846 mit

279 1867 389 1902 ihnen
413 1867 543 1901 wieder
569 1867 642 1909 auf
671 1868 749 1901 dem
778 1866 1014 1901 Proscem'um
1041 1865 1250 1900 crscheint,“
1298 1865 1462 1899 Pilarum
1487 1876 1554 1899 nec
1586 1865 1710 1900 volam
1743 1876 1810 1900 nec

280 1920 480 1964 vestigium
521 1920 619 1964 apud
652 1919 828 1954 Plautum
862 1918 1022 1953 inveniri
1056 1919 1155 1952 recte
1190 1917 1395 1953 identidem
1430 1918 1576 1953 monuit
1610 1918 1809 1954 Lorenzius

281 1973 469 2017 ceteroqui
489 1984 565 2007 rem
587 1973 708 2007 obiter
727 1973 893 2007 tractans
917 1971 1160 2006 ‘Jahresbeiu’
1184 1970 1321 2006 XXVII
1342 1973 1388 2016 (a.
1405 1975 1511 2015 1881)
1535 1985 1568 2016 p.
1585 1976 1641 2014 31,
1667 1983 1750 2006 cum
1772 1973 1810 2006 et

280 2027 336 2061 his
361 2039 394 2061 v.
426 2030 490 2060 112
525 2026 662 2059 dudum
690 2027 897 2060 correctum
929 2027 966 2059 et
998 2026 1094 2059 hunc
1119 2024 1387 2069 interpolatum
1414 2038 1446 2060 v.
1475 2029 1542 2060 169
1569 2025 1747 2060 adhibeat
1773 2027 1810 2059 et

280 2080 397 2124 fingat
423 2090 518 2123 quae
545 2089 617 2112 non
643 2079 764 2113 minus
791 2089 902 2122 quam
929 2077 1028 2121 pilae
1055 2088 1076 2111 a
1095 2077 1229 2112 Plauto
1257 2078 1379 2113 aliena
1405 2078 1490 2113 sint.
1526 2078 1697 2113 Ceterum
1725 2089 1808 2113 con-

280 2133 474 2167 catenatos
500 2133 547 2167 ab
574 2131 680 2167 initio
708 2131 809 2165 domi
836 2131 947 2165 fuisse
974 2130 1140 2174 captivos
1168 2131 1259 2166 duos
1287 2131 1362 2165 iam
1384 2143 1427 2166 ex
1447 2144 1480 2167 v.
1504 2135 1569 2166 112
1586 2143 1639 2176 sq.
1666 2130 1806 2176 perspi-

281 2185 409 2227 cimus,
435 2196 479 2219 ex
505 2184 638 2229 quibus
664 2197 697 2219 v.
724 2188 744 2218 2
773 2182 984 2218 emendatio
1011 2184 1158 2227 pendet.

374 2238 427 2282 >it¹⁴¹²)
460 2238 563 2273 Idem
594 2238 759 2272 Muretus
792 2238 892 2271 Lect.
927 2248 1001 2270 var.
1036 2236 1119 2270 XIV
1149 2241 1189 2271 16
1216 2249 1250 2281 p.
1279 2241 1348 2272 334
1380 2237 1520 2282 primus
1553 2237 1653 2281 quod
1691 2237 1807 2272 sciam

280 2290 507 2336 vituperavit
532 2291 632 2334 quod
658 2289 808 2334 plurimi
836 2289 920 2323 dein
948 2289 1219 2332 repetiverunt:
1248 2291 1345 2325 male
1372 2292 1521 2336 poetam
1543 2291 1808 2335 Pseudo-Tyn-

279 2344 408 2379 darum
450 2342 597 2377 finxisse
633 2343 731 2377 intra
765 2353 967 2387 paucarum
1002 2341 1176 2377 horarum
1210 2344 1370 2388 spatium
1404 2343 1476 2378 iter
1508 2355 1551 2378 ex
1592 2343 1739 2378 Aetolia
1769 2343 1807 2377 in

278 2396 427 2431 Alidem
459 2399 496 2431 et
531 2407 574 2430 ex
600 2395 708 2429 Alide
741 2396 778 2430 in
812 2395 999 2429 Aetoliam
1032 2406 1115 2429 cum
1147 2397 1307 2441 negotiis
1334 2396 1412 2431 illic
1447 2396 1686 2432 absolvendis
1720 2407 1805 2432 con-

278 2450 420 2493 fecisse,
448 2460 531 2484 cum
557 2451 682 2484 tamen
702 2448 840 2483 viatico
868 2459 959 2492 opus
987 2446 1098 2483 fuerit
1125 2460 1167 2483 ex
1188 2462 1220 2484 v.
1242 2454 1322 2484 449.
1352 2450 1470 2492 Quam
1490 2450 1805 2494 vituperationem

280 2502 376 2547 quod
414 2501 558 2536 Brixius
601 2500 695 2535 dixit
729 2514 762 2545 p.
793 2505 813 2534 3
850 2512 894 2535 ne
931 2500 1052 2544 ipsum
1094 2503 1243 2546 quidem
1277 2503 1509 2548 Lessingium
1544 2514 1694 2547 prorsus
1737 2503 1803 2537 im—

279 2556 456 2601 probasse
484 2555 592 2600 (wisa
622 2554 809 2598 Vorwurf,
843 2555 904 2588 der
931 2582 937 2587 .
961 2582 968 2588 .
991 2582 998 2589 .
1024 2556 1128 2591 selbst
1159 2557 1270 2591 emam
1297 2557 1451 2601 Lessing]
1476 2557 1575 2592 nicht
1599 2567 1693 2600 qam
1718 2557 1806 2591 ohne

283 2610 415 2644 erml
439 2609 598 2652 yemaeht
623 2620 669 2643 zu
694 2609 835 2643 werden
859 2607 1038 2650 sch'ien'U,
1069 2608 1234 2653 neglexit
1259 2609 1353 2643 illud
1379 2608 1700 2644 adulescentulum
1727 2608 1803 2643 dix·

281 2663 353 2697 isse
380 2662 623 2706 Lessingium‚
656 2663 854 2705 antequam
889 2660 927 2693 id
959 2661 1078 2705 ipsum
1107 2662 1204 2704 quod
1232 2673 1315 2696 cum
1349 2662 1433 2697 aliis
1459 2662 1633 2707 opposuit
1657 2661 1803 2696 Brixius

278 2715 420 2760 primus
460 2716 622 2750 omnium
650 2715 750 2749 recte
784 2712 960 2748 docuerit.
1011 2714 1298 2758 Redintegravit
1330 2717 1454 2750 autem
1492 2714 1733 2760 opprobrium
1768 2716 1806 2749 et

280 2768 487 2803 accuratius
514 2770 730 2813 pei-secutus
764 2768 820 2801 est
846 2766 1039 2810 Langenus
1065 2766 1184 2801 Plaut.
1214 2767 1316 2802 stud.
1345 2780 1378 2812 p.
1410 2772 1475 2802 119
1491 2778 1568 2811 sqq.
1621 2767 1692 2802 Sed
1724 2767 1803 2813 ipse

280 2832 427 2866 quoque
454 2822 505 2856 eis
524 2821 654 2855 nititur
673 2819 892 2863 rationibus,
918 2831 1009 2863 quas
1030 2818 1176 2863 inimus,
1205 2819 1267 2853 ubi
1297 2820 1443 2865 singula
1464 2819 1683 2863 singillatim
1706 2832 1803 2855 com—

279 2875 552 2919 prehendimus,
586 2886 657 2909 non
689 2874 807 2908 totam
841 2872 1006 2907 fabulam
1040 2872 1154 2907 oculis
1188 2871 1393 2916 animisque
1427 2871 1647 2907 subicimus:
1683 2884 1800 2918 neque

279 2927 317 2961 in
345 2928 549 2962 communis
576 2927 675 2963 vitae
700 2928 867 2971 tempore
893 2925 1065 2968 vivimus,
1093 2925 1156 2959 sed
1182 2924 1342 2959 idealem
1370 2937 1480 2970 quem
1502 2937 1676 2961 vocamus
1703 2926 1798 2960 diem

281 2982 413 3025 poetae
441 2982 686 3016 concedimus.
