1946 3344
171 233 357 266 185—198
770 225 772 227 ’
812 226 1061 263 APPENDIX
1616 226 1698 268 147

169 339 212 373 cle
244 338 374 372 iambis
406 348 494 382 quos
526 337 678 371 credunt
703 335 873 371 Benoisti
904 339 936 370 et
962 335 1174 371 Franckeni
1201 336 1221 370 l.
1248 347 1275 371 s.
1301 347 1328 371 s.
1351 347 1390 380 p.
1412 337 1459 370 38
1485 338 1525 369 ut
1551 338 1699 369 taceam.

174 392 261 426 Non
293 392 404 426 multo
436 392 562 425 melius
588 394 610 424 6²
637 391 730 425 trim.
759 401 870 433 anap.
897 390 1069 432 formavit
1095 389 1309 434 Spenyelius
1337 389 1451 432 ‘Resss’
1482 400 1520 433 p.
1549 391 1622 423 323
1648 389 1699 423 la-

174 456 305 480 cunam
331 457 361 479 v.
386 448 452 479 186
481 443 613 488 (Quam
635 455 697 478 eas
725 455 804 478 esse
824 444 953 478 uident
973 443 1098 486 quom)
1123 444 1303 487 excedens,
1328 454 1359 477 v.
1382 445 1447 476 187
1471 441 1606 486 (Satin)
1627 453 1701 475 non

170 498 315 541 explens
341 501 373 531 et
398 497 580 531 inutiliter
607 496 741 530 dantur
768 496 900 530 acerba
927 496 1121 540 corriyens,
1148 507 1268 530 errare
1290 500 1374 540 post
1402 496 1577 541 Pyladem
1603 496 1702 539 (ante

165 546 207 585 ’10
237 549 412 593 incertas)
439 553 470 584 et
495 561 552 584 me
581 550 762 593 adiciens,
797 550 950 584 alterum
976 560 1045 594 ego
1078 561 1157 584 cum
1187 550 1317 585 Guieto
1342 549 1542 593 Bothz'oquc
1568 549 1699 584 delens,

168 604 334 648 Denique
355 603 515 638 Brixius
541 604 562 638 l.
584 615 610 638 s.
632 614 658 637 s.
677 614 714 647 p.
736 606 809 638 201
825 614 874 647 sq.
901 614 932 637 υ.
958 606 1142 638 187-189
1171 603 1284 638 coluit
1310 607 1332 638 7
1352 604 1437 638 clim.
1459 614 1570 646 anal).
1593 602 1700 637 catal.

167 667 238 691 csse
263 657 324 701 (ab
352 656 492 691 Hocine
525 656 580 690 dis
614 659 671 691 est
703 656 967 700 complacitum
1001 656 1084 690 Med
1116 657 1315 700 incipiens,
1352 656 1436 690 (lein
1468 656 1627 689 incertas
1662 654 1699 688 in

169 710 368 755 traiciens).
419 710 476 744 De
500 721 531 745 v.
562 713 627 744 185
662 714 752 745 recte
785 711 965 744 iudicavit
991 710 1262 744 Studemunclus
1287 710 1330 744 cle
1355 713 1449 744 cant.
1473 721 1511 753 p.
1539 712 1607 751 28,
1637 709 1701 753 qui

168 763 369 797 Reizianus
401 766 469 806 est,
500 763 543 797 cle
573 773 604 796 v.
635 766 701 797 188
716 773 764 807 sq.
798 764 892 798 idem
917 764 1019 807 apucl
1046 763 1288 798 Schraclerum
1313 764 1356 797 de
1382 764 1518 807 partic.
1546 771 1615 796 -NE
1641 772 1700 805 ap.

168 816 225 850 Pl.
246 827 348 860 pros.
377 816 444 860 (ed.
472 815 665 860 Aryentor.
692 828 725 850 a.
753 817 864 860 1885)
886 827 927 860 p.
954 820 1000 851 19
1030 816 1156 862 [273].·
1188 817 1230 852 de
1255 817 1405 861 reliquis
1430 817 1511 850 vide
1535 817 1585 850 sis
1610 825 1702 860 quae

165 870 309 904 molitus
334 870 383 904 sit
407 870 501 903 idem
527 870 569 903 cle
594 873 687 904 cant.
709 880 743 912 p.
766 872 814 904 46
827 879 874 913 sq.
898 872 947 904 86
961 879 1009 912 sq.
1031 870 1084 902 vel
1104 869 1300 914 Seyffertus
1326 869 1367 903 (lc
1388 869 1507 903 bacch.
1524 879 1563 912 p.
1578 871 1627 903 42
1648 868 1702 902 vel

170 923 371 957 Muellerus
390 922 493 957 Pros
503 933 542 966 p.
558 926 642 957 609.
672 921 725 964 Cf.
743 922 862 966 praef.
902 922 964 956 Ad
983 933 1013 956 v.
1031 925 1097 956 185
1118 923 1394 958 similitudinem
1414 922 1698 965 conformandus

167 979 244 1010 erat
269 987 301 1010 v.
326 979 408 1018 186,
436 976 501 1010 ubi
525 986 599 1010 non
624 976 727 1010 modo
754 985 864 1018 quam
892 979 989 1009 certa
1015 976 1158 1010 ratione
1184 977 1391 1020 suppletur,
1418 976 1478 1010 secl
1504 976 1612 1010 etiam
1638 975 1700 1019 qui

167 1028 289 1063 sciunt
314 1030 367 1063 vel
399 1029 469 1063 tale
495 1029 602 1073 quid,
634 1040 714 1063 cum
741 1028 793 1063 eis
820 1029 869 1062 acl
901 1027 1095 1062 hominum
1126 1030 1301 1073 respicere
1325 1039 1400 1064 non
1424 1029 1537 1073 possit
1547 1043 1557 1063 :
1591 1023 1702 1062 daffi'r

170 1083 344 1116 acerbum
376 1083 631 1126 improbabile.-
659 1082 777 1126 possis
811 1081 921 1115 datur
953 1081 1036 1116 {tere
1070 1083 1136 1124 (vel
1167 1082 1330 1127 acidum)
1363 1083 1548 1117 acerbum.
1610 1082 1701 1114 Item

169 1134 409 1178 Nescioquoii
434 1146 464 1169 v.
490 1139 555 1169 187
582 1135 747 1180 supplevi
773 1135 877 1179 (conl.
899 1134 1032 1169 Bacch.
1059 1146 1090 1170 v.
1113 1138 1196 1180 638,
1221 1137 1358 1179 Afran.
1385 1148 1416 1170 v.
1438 1138 1508 1170 419
1523 1135 1583 1178 R,
1610 1133 1701 1168 CIL

163 1199 203 1232 p.
229 1190 301 1223 254
325 1199 360 1222 n.
390 1191 499 1232 1306)
527 1199 571 1223 ex
596 1190 646 1223 eis
671 1200 761 1233 quae
786 1191 876 1222 recte
901 1189 1042 1223 monuit
1062 1189 1224 1224 Brioeius
1249 1190 1272 1224 l.
1292 1201 1318 1224 s.
1340 1201 1380 1233 s.,
1407 1190 1482 1223 nisi
1507 1190 1601 1234 quod
1628 1190 1703 1233 ipse

167 1253 261 1276 sana
291 1242 417 1285 potius
452 1243 606 1277 mutavit
638 1253 746 1286 quam
779 1242 947 1276 lacunam
980 1242 1029 1276 acl
1059 1244 1269 1278 sanamlum
1300 1243 1478 1278 adhibuit.
1544 1243 1600 1276 De
1633 1245 1701 1285 egb

169 1306 201 1329 v.
231 1297 296 1328 188
324 1295 415 1329 idem
441 1295 549 1331 Poen.
578 1298 676 1330 1185
702 1295 864 1330 contulit.
924 1294 1069 1328 Ibidem
1094 1295 1190 1330 hanc
1214 1305 1283 1339 pro
1308 1295 1467 1330 hancine
1500 1295 1701 1339 Vssinyius.

271 1351 349 1382 190.
378 1348 473 1383 Nam
493 1349 544 1382 mi
570 1348 641 1383 hoo
670 1348 770 1382 haud
797 1347 951 1382 laborist
972 1347 1137 1382 Bothius.
1183 1348 1280 1383 Nam
1307 1349 1378 1383 hoc
1400 1349 1450 1383 mi
1477 1349 1549 1383 hau
1576 1349 1625 1382 sit
1650 1349 1702 1383 la-

170 1401 249 1436 bori
271 1401 535 1438 Fleckeisenus.
580 1403 676 1436 Nam
700 1401 771 1436 1100
791 1401 844 1435 mi
871 1401 970 1436 haud
991 1402 1048 1435 est
1072 1401 1193 1436 labori
1213 1402 1485 1437 Rothheimerus
1510 1403 1553 1437 cle
1579 1405 1701 1436 enunt.

174 1455 308 1489 condit.
336 1455 388 1489 ecl.
419 1454 614 1501 Gottinyae
639 1467 672 1490 a.
703 1458 799 1490 1576
822 1466 860 1498 p.
885 1455 935 1488 20
948 1464 997 1498 sq.
1038 1454 1173 1488 Namsb
1197 1454 1267 1489 hoc
1294 1455 1345 1488 mi
1371 1454 1470 1489 haud
1496 1455 1617 1489 labori
1645 1456 1701 1490 Si-

173 1509 388 1552 yismumlus
414 1509 435 1543 l.
462 1520 490 1543 s.
517 1520 543 1545 8.
566 1520 605 1553 p.
633 1512 720 1544 257.
780 1507 832 1550 Cf.
859 1508 909 1541 sis
935 1506 1146 1552 Seyffertum
1173 1508 1193 1543 l.
1221 1519 1249 1542 s.
1275 1519 1302 1543 s.
1328 1520 1362 1554 p.
1390 1511 1456 1552 46,
1484 1509 1702 1543 Muellermn

171 1561 277 1596 Pros-
299 1573 337 1606 p.
365 1564 447 1605 746,
473 1561 703 1607 Spenyelium
730 1562 750 1595 l.
778 1571 804 1594 s.
832 1570 858 1594 s.
880 1571 919 1604 p.
946 1563 1030 1595 204.
1062 1582 1100 1585 -
1130 1560 1299 1605 Namque
1327 1564 1373 1606 (et
1399 1561 1437 1595 Si
1465 1573 1533 1606 ego
1560 1573 1590 1596 v.
1622 1564 1701 1605 191)

171 1615 419 1650 Hermannus.
467 1615 521 1659 C'f'.
549 1616 738 1651 Bentleius
765 1614 813 1648 ad
842 1613 920 1647 Ter.
949 1614 1085 1649 Heaut.
1114 1615 1141 1648 I
1164 1618 1197 1656 1,
1225 1618 1285 1651 30.

266 1670 345 1702 191.
383 1667 420 1702 Si
445 1679 504 1702 me
533 1680 621 1712 erga
649 1696 655 1702 .
684 1697 690 1703 .
721 1696 726 1702 .
755 1667 843 1701 deos
875 1666 1033 1711 impiaui
1058 1667 1214 1702 Bothius
1247 1667 1427 1712 (parentis
1455 1671 1485 1702 et
1513 1667 1701 1712 impiarim

170 1721 444 1756 Fleckeisenus:
471 1725 576 1766 atque
603 1721 850 1757 coniunctivos
876 1720 984 1755 etiam
1011 1720 1210 1765 Lanaeuus
1235 1722 1388 1766 requirit
1415 1722 1436 1755 l.
1464 1732 1490 1755 s.
1518 1731 1544 1756 s.
1567 1732 1606 1765 p.
1631 1722 1701 1765 71).

270 1778 347 1809 193.
376 1773 430 1817 Of.
459 1776 507 1809 acl
535 1774 636 1820 Gopt.
664 1786 695 1810 v.
725 1776 794 1809 321
823 1773 866 1808 de
891 1772 1112 1818 <in)dec6re,
1145 1775 1186 1809 (le
1213 1785 1280 1818 quo
1307 1775 1371 1818 qui
1396 1786 1470 1809 non
1495 1775 1703 1819 coyitarunt

173 1831 237 1863 aut
263 1827 388 1872 inique
414 1829 506 1863 male
532 1839 612 1863 cum
639 1828 773 1863 Bothio
799 1827 1003 1861 deleverunt
1031 1827 1085 1871 (ut
1111 1827 1324 1873 Spenyclius
1344 1839 1383 1872 p.
1411 1830 1494 1862 204.
1522 1829 1611 1871 207)
1639 1831 1704 1861 aut

173 1882 477 1926 improbabiliora
502 1883 576 1917 sive
601 1881 777 1916 metiendo
804 1881 859 1925 (ut
879 1879 1153 1915 Studcmunclus
1179 1882 1221 1916 cle
1246 1885 1340 1916 cant.
1367 1893 1402 1925 p.
1424 1885 1484 1925 49,
1510 1881 1705 1926 Seyffertus

173 1935 215 1969 cle
236 1935 356 1970 bacch.
374 1947 410 1979 p.
427 1936 488 1980 34)
508 1936 582 1970 sive
600 1935 776 1970 mutando
796 1935 851 1978 (ut
868 1934 1069 1969 Muellerus
1086 1935 1188 1970 Pros.
1205 1946 1244 1979 p.
1261 1937 1346 1970 020.
1363 1936 1449 1979 705)
1471 1938 1702 1978 temptarunt.

269 1991 335 2022 194
349 1998 397 2032 sq.
431 1988 509 2034 iugi
540 1990 636 2024 inter
667 1989 745 2023 alia
770 1987 960 2023 Reuterus.
1011 1988 1158 2032 insigne
1194 1988 1274 2023 Otto
1307 1988 1408 2032 apud
1434 1987 1472 2021 F
1474 1988 1703 2022 lechciscnum

172 2042 273 2086 epist.
301 2041 380 2077 crit.
403 2052 440 2086 p.
468 2041 649 2076 XXVII.
701 2041 861 2087 supplici
893 2042 1076 2087 Bcrqlcius
1112 2042 1241 2086 Opusc.
1269 2041 1297 2075 I
1312 2053 1350 2086 p.
1379 2045 1462 2075 163.
1514 2040 1699 2083 remeligi-

170 2094 228 2128 nis
255 2095 294 2138 (!)
330 2094 533 2130 Muellerus
560 2106 597 2140 p.
631 2099 703 2131 190
716 2106 764 2140 sq.
825 2107 862 2130 se
891 2124 897 2130 .
927 2121 934 2128 .
962 2094 1112 2138 dignum
1153 2095 1366 2139 Spenyelius
1407 2094 1520 2137 ‘Refl’
1556 2105 1594 2138 p.
1629 2097 1704 2128 258

170 2149 331 2183 meliores
356 2149 480 2184 saltem
503 2148 728 2185 Fleckeiseni
754 2150 920 2184 baccheos
945 2149 1148 2183 traiciendo
1174 2149 1343 2192 efficiens.
1389 2147 1543 2182 Vitiosos
1569 2147 1705 2181 iambos

176 2201 448 2236 Studcmunclus
467 2202 510 2236 de
530 2206 624 2237 cant.
642 2214 679 2246 p.
702 2204 748 2237 39
771 2202 1053 2246 Muellerusque,
1074 2202 1257 2237 trochaeos
1273 2202 1453 2245 Bcryhius
1473 2202 1702 2244 affectarunt.

182 2255 220 2289 V.
256 2258 322 2289 195
355 2266 435 2289 cum
470 2258 536 2290 aut
561 2255 763 2291 Reizianus
794 2256 842 2290 sit
874 2258 939 2290 aut
966 2254 1081 2290 Stichi
1112 2256 1233 2290 versui
1264 2259 1285 2289 9
1320 2256 1452 2290 similis
1485 2256 1533 2289 acl
1559 2256 1705 2289 eandem

173 2309 322 2352 speciem
353 2319 385 2342 v.
415 2311 482 2343 194
513 2310 717 2344 necessaria
748 2310 947 2343 mutatione
979 2309 1212 2344 reducendus.
1266 2309 1361 2343 Nam
1398 2308 1485 2352 quid
1519 2309 1706 2343 cauebunt

174 2359 269 2405 inpii
295 2361 364 2396 sibi
391 2362 548 2405 posthac
569 2362 748 2397 Goetzius.
795 2361 891 2396 Nam
916 2362 1004 2406 quid
1033 2372 1128 2396 0000
1155 2362 1346 2396 habebunt
1372 2361 1441 2396 sibi
1468 2362 1624 2406 posthac
1651 2362 1703 2395 in-

177 2413 282 2458 digni
308 2414 555 2449 Hermannus.

273 2471 338 2502 196
353 2478 402 2511 sq.
431 2467 505 2502 Vos
531 2478 618 2502 nam
645 2480 703 2502 me
730 2468 916 2502 Mcursius
943 2467 1074 2502 Emere.
1103 2468 1182 2502 crit.
1206 2468 1232 2501 I
1255 2479 1290 2511 p.
1317 2469 1398 2502 221.
1437 2467 1532 2501 Nam
1559 2468 1640 2501 med
1668 2467 1702 2500 iu

177 2531 242 2555 uos
267 2519 430 2555 Guictus.
471 2520 584 2555 sciam
606 2525 688 2556 ante
710 2521 874 2556 Sceleste
895 2522 1015 2565 posito
1042 2525 1073 2555 ct
1098 2532 1195 2555 nunc
1222 2525 1305 2555 ante
1331 2532 1388 2555 me
1416 2522 1541 2555 addito
1568 2524 1703 2555 tetram.

174 2574 292 2608 bacch.
320 2574 426 2608 catal.
453 2584 533 2609 cum
558 2575 653 2610 trim.
680 2574 764 2617 fecit
786 2573 1053 2618 Fleclceiscnus,
1080 2574 1176 2609 male
1202 2574 1334 2608 fecisse
1361 2574 1426 2607 aut
1453 2574 1606 2607 sceleste
1634 2574 1705 2616 (de-

177 2627 244 2661 leto
269 2627 434 2671 parentis
459 2628 563 2662 verbo
588 2628 736 2672 ipsoque
760 2638 885 2662 sensus
911 2628 1090 2672 acumine)
1117 2627 1330 2671 Spenqclius
1357 2627 1379 2660 l.
1405 2638 1431 2660 s.
1452 2637 1477 2660 s.
1507 2627 1605 2669 (dein
1632 2625 1705 2658 moi

176 2679 368 2715 miserear:
394 2681 439 2723 cf.
456 2692 494 2725 p.
516 2682 592 2716 230
618 2681 703 2716 adn.
730 2680 772 2715 de
797 2681 1048 2726 dittoyraphia
1073 2682 1244 2725 coffitans.
1292 2679 1345 2722 C'f.
1368 2679 1566 2724 Lanycnns
1587 2680 1608 2712 l.
1630 2690 1656 2712 S.
1679 2690 1704 2711 s.

175 2732 289 2767 sciam
322 2733 441 2778 ipsam
467 2735 639 2778 scribens)
671 2745 783 2779 neque
814 2735 1021 2779 probabiles
1047 2735 1215 2769 versiculi
1242 2733 1429 2778 Seyfferti,
1463 2732 1705 2766 ›S'tuclemumli

176 2788 197 2822 l.
223 2798 250 2822 s.
277 2798 317 2830 s.,
343 2788 510 2823 aliorum.
562 2787 657 2821 Nam
685 2799 743 2822 me
770 2786 801 2821 si
827 2788 939 2822 sciam
971 2788 1104 2822 fecisse
1131 2789 1196 2822 aut
1222 2797 1323 2820 meos
1350 2785 1513 2829 parentis
1541 2784 1705 2818 Sceleste

176 2839 423 2876 Hermannus.
471 2840 525 2884 C'f.
548 2841 666 2886 praef.

272 2897 350 2929 198.
390 2894 461 2929 Sed
500 2896 553 2928 eri
594 2905 651 2928 me
690 2894 869 2929 sollicitat
905 2894 1025 2930 scelus
1058 2894 1136 2929 eius
1176 2904 1232 2927 mc
1268 2892 1383 2926 habet
1415 2890 1574 2934 inpietas
1607 2890 1703 2924 male

180 2946 441 2983 Fleckeiscnus.
500 2948 730 2993 Anapaestos
761 2952 957 2993 aqnovcrat
984 2948 1134 2983 Remus
1166 2947 1256 2980 duos
1287 2945 1372 2979 clim.
1407 2944 1545 2978 adscito
1570 2954 1704 2978 nauem

177 2999 207 3033 is
234 3000 470 3036 constituens:
501 3001 628 3035 melius
661 3002 905 3044 septenarium
936 3003 1019 3043 fecit
1047 3000 1276 3044 Speuslclius,
1311 2998 1383 3033 nisi
1414 2998 1509 3041 quod
1536 2996 1614 3031 0103
1641 2997 1690 3031 acl

1353 3055 1420 3091 10ΖΞΞ
