1946 3344
249 177 316 211 XII
875 172 1148 208 PRAEFATIO

249 286 418 340 plenius
451 299 664 327 summare
697 298 942 338 possumus,
980 282 1089 323 inter
1122 282 1207 323 244
1239 284 1282 323 et
1313 281 1398 323 299
1431 295 1578 323 versus
1610 284 1673 322 ita
1704 296 1772 323 va-

249 357 377 412 rient,
421 359 468 398 ut
507 356 692 397 medium
732 356 767 396 si
807 354 1014 396 efficimus
1056 367 1298 403 numerum,
1343 353 1429 394 270
1467 352 1554 393 fere
1593 352 1774 407 singulis

249 428 520 470 conveniant.
593 426 732 475 Quare
779 425 851 480 qui
895 425 1009 466 credi
1053 426 1197 478 potest
1241 423 1425 478 quinque
1470 423 1773 477 quaterniones

250 500 475 542 continuos
504 513 651 540 omnes
678 498 746 539 vel
774 497 949 538 minimo
970 496 1179 538 minorem
1198 510 1395 536 versuum
1416 509 1640 536 numerum
1661 509 1771 536 com·

252 570 465 625 plevissc‘?
533 568 694 618 Quodsi
735 583 783 610 ex
815 567 1015 609 universa
1052 566 1133 608 hac
1171 565 1490 620 computatione
1529 565 1773 621 colligimus

251 641 414 696 aliquid
440 641 659 682 turbatum
688 639 820 680 fuisse
847 639 890 680 in
917 638 984 679 his
1013 636 1383 693 quaternionibus,
1414 636 1457 678 id
1485 636 1653 678 aliunde
1675 651 1770 678 0011-

249 714 344 754 firm
351 715 457 767 atur,
468 712 541 754 ubi
555 712 683 754 simili
694 711 858 752 ratione
872 725 997 766 quam
1010 709 1053 751 in
1067 708 1202 751 Stichi
1215 707 1496 763 quaternione
1506 706 1771 749 LXXXVIII

250 784 618 838 deprehendimus,
643 784 804 824 iustum
832 781 1122 837 quaternionis
1150 780 1340 822 ordinem
1363 779 1620 821 dissolutum
1640 779 1773 821 fuisse

248 855 556 910 intellegimus.
618 854 836 896 Habemus
870 853 991 926 0111111,
1015 853 1120 894 folia
1151 852 1264 893 inter
1296 866 1340 892 se
1374 851 1642 893 continentia

500 939 624 1050 (387.
658 938 742 979 388
765 958 818 970 =
843 937 927 979 725
951 961 1000 966 —
1027 936 1123 978 743.
1157 936 1241 977 744
1263 959 1307 964 —-
1331 936 1412 977 762
1424 934 1466 991 *)

531 1010 624 1050 111.
659 1009 741 1051 112
764 1029 817 1042 ==
841 1009 923 1050 763
946 1033 998 1038 —-
1024 1008 1118 1050 779.
1155 1008 1304 1049 780-
1325 1004 1508 1063 797**)‚

250 1096 349 1147 post
381 1108 487 1148 quae
519 1093 714 1147 proxima
747 1094 917 1133 servata
951 1093 1050 1132 sunt
1080 1091 1187 1133 folio

522 1171 619 1211 377.
653 1170 738 1211 378
761 1189 815 1202 =
839 1169 920 1211 837
943 1193 999 1197 —
1021 1168 1118 1210 853.
1152 1168 1237 1209 854
1259 1192 1312 1196 —
1335 1166 1538 1223 872ssssss)

249 1247 321 1288 ubi
354 1262 441 1288 non
474 1248 569 1302 plus
598 1262 724 1302 quam
751 1261 882 1287 unum
910 1246 1059 1287 folium
1079 1246 1192 1286 inter
1211 1245 1293 1287 1100
1314 1247 1357 1286 et
1376 1245 1454 1286 illa
1480 1228 1772 1286 intercessisse

249 1332 298 1359 co
332 1317 489 1358 certius
517 1317 732 1358 affirmare
758 1331 1004 1372 possumus7
1038 1316 1138 1371 quia
1164 1332 1200 1358 v.
1230 1315 1461 1358 798—-836
1489 1316 1645 1357 senarii
1673 1319 1773 1357 sunt

250 1389 340 1430 sine
373 1388 609 1429 interstitio
642 1388 813 1442 prolati.
878 1388 1020 1443 Atque
1057 1402 1151 1429 cum
1190 1387 1272 1429 hoc
1310 1386 1413 1429 folio
1448 1387 1667 1441 deperdito
1701 1401 1771 1428 ne-

249 1460 435 1501 cessario
469 1459 576 1500 illud
609 1459 928 1514 coniungimus7
960 1458 1072 1512 quod
1106 1472 1235 1512 supra
1262 1471 1311 1498 ex
1339 1455 1621 1498 Studemundi
1652 1458 1772 1499 testi-

249 1531 394 1573 monio
434 1530 618 1572 vidimus
657 1545 736 1584 par
772 1530 878 1571 illud
917 1529 1117 1572 foliorum
1155 1529 1349 1583 proxime
1389 1528 1685 1570 antecessisse:
1729 1529 1770 1570 id

249 1603 390 1657 ipsum
418 1602 529 1657 quod
557 1602 660 1643 olim
687 1601 972 1656 praecedebat
996 1601 1082 1643 iam
1108 1600 1214 1643 folio
1236 1601 1334 1643 377.
1361 1600 1445 1643 378
1472 1599 1772 1655 respondebat,

248 1673 402 1727 quibus
431 1673 465 1713 si
493 1674 684 1714 extrema
709 1672 815 1714 folia
841 1672 1175 1724 adiunxerimus,
1202 1671 1526 1726 quaternionem
1546 1671 1771 1713 LXXXIII

248 1744 606 1797 recuperabimus.
668 1743 781 1785 Nam
816 1743 876 1785 sic
909 1743 982 1797 qui
1014 1744 1183 1784 restant
1216 1756 1362 1783 versus
1403 1740 1454 1798 (c.
1488 1741 1771 1800 909-1423)

249 1815 409 1869 optime
443 1815 524 1857 duo
559 1815 862 1870 quaterniones
902 1815 1078 1856 ultimos
1120 1814 1288 1868 explere
1321 1816 1565 1867 potuerunt.
1627 1813 1771 1868 Atque

249 1901 379 1928 unum
412 1888 547 1928 restat
578 1885 730 1927 folium
763 1900 812 1926 ex
847 1885 1125 1940 quaternione
1159 1883 1397 1925 LXXXIV:

445 1958 542 2000 383.
575 1957 660 1999 384
682 1978 736 1991 τ-
760 1957 874 1998 1002
896 1981 946 1985 -
975 1956 1100 1997 1020.
1135 1953 1270 1997 10201)
1294 1979 1341 1984 -
1370 1955 1481 1997 1039
1493 1952 1552 2011 †).

248 2029 382 2071 Porro
426 2044 512 2071 non
557 2028 732 2070 dubium
772 2030 854 2082 est,
899 2027 999 2082 quin
1038 2027 1364 2082 quaternionem
1404 2026 1627 2068 LXXXIII
1667 2027 1771 2068 hacc

248 2100 354 2141 folia
384 2100 709 2154 praecesserint:

540 2184 655 2235 [443.
687 2184 774 2224 444
797 2204 850 2216 Ξ
872 2184 958 2225 482
1073 2208 1086 2210 -κ
1234 2208 1281 2209 ff
1303 2208 1349 2211 -νη
1388 2182 1491 2235 517]

484 2189 539 2436 ζ(
589 2261 656 2303 97.
719 2261 774 2301 98
797 2281 850 2294 =
872 2262 957 2303 518
983 2286 1031 2290 -
1055 2260 1152 2302 536.
1185 2261 1268 2302 537
1285 2260 1442 2301 —555

559 2338 655 2379 373.
688 2338 773 2379 374
797 2358 848 2370 =
871 2337 955 2379 556
981 2362 1028 2366 —
1053 2338 1151 2380 570.
1184 2338 1339 2379 570—
1355 2335 1524 2393 587††)

515 2416 653 2467 {425-
686 2417 770 2457 426
794 2435 846 2447 =
870 2415 953 2457 588
1236 2441 1242 2442 ⁷
1263 2441 1289 2442 ⁷7
1394 2414 1446 2468 ?]·

344 2554 377 2598 ⁴⁴²)
414 2553 594 2587 Constant
636 2551 779 2586 numeri
814 2550 966 2585 alterius
1005 2549 1183 2594 paginae,
1223 2548 1293 2584 etsi
1332 2549 1427 2584 intcr
1464 2563 1497 2586 v.
1527 2554 1592 2586 749
1626 2553 1663 2586 et
1702 2555 1768 2586 752

250 2619 341 2642 unus
366 2608 512 2641 tantum
539 2606 576 2639 in
604 2605 637 2639 A
664 2604 750 2647 fuit,
779 2615 861 2639 cum
889 2603 983 2638 alius
1009 2603 1218 2637 intercedat
1242 2602 1339 2637 inter
1365 2615 1396 2638 v.
1427 2607 1492 2638 747
1520 2605 1557 2638 ct
1585 2608 1661 2640 748.

341 2659 394 2703 ³⁶³⁵)
429 2660 467 2693 ln
494 2659 614 2703 priore
640 2657 777 2702 pagina
803 2667 896 2691 unus
923 2669 954 2691 v.
985 2657 1082 2701 (767)
1110 2655 1308 2700 bipartitus
1335 2658 1407 2700 ost,
1441 2658 1625 2692 extremus
1653 2660 1764 2692 vacat

249 2716 296 2749 ob
321 2725 455 2749 novam
482 2723 650 2748 scaenam
678 2709 938 2756 suprascriptis
965 2709 1141 2755 personis.

299 2767 378 2811 εΨΜ)
406 2767 506 2801 Inter
525 2778 557 2801 v.
579 2768 646 2799 850
668 2766 705 2799 ct
724 2767 790 2799 851
812 2774 928 2798 novus
950 2762 1094 2798 accedit
1114 2763 1150 2796 et
1170 2773 1262 2796 unus
1284 2775 1315 2797 v.
1336 2762 1616 2807 inscriptionem
1639 2763 1766 2798 habet.

354 2822 391 2864 †)
419 2821 459 2854 In
485 2818 607 2864 priore
634 2817 772 2863 pagina
797 2828 890 2851 unus
917 2830 948 2851 v.
977 2816 1099 2860 (1004)
1127 2815 1322 2859 bipartitus
1349 2817 1416 2850 cst.

333 2874 395 2918 ††)
424 2874 608 2915 Quattuor
634 2884 666 2906 v.
689 2872 782 2916 (554.
811 2874 888 2905 565.
917 2874 995 2905 570.
1023 2869 1106 2913 5813)
1134 2867 1302 2913 bipartiti
1329 2871 1428 2913 sunt,
1460 2869 1532 2905 duo
1559 2868 1767 2915 inscriptio-

248 2937 330 2959 nem
358 2926 546 2970 praebent.
