1946 3344
800 261 1076 299 PRAEFATIO
1648 263 1694 298 Χ]

173 387 251 414 1100
296 372 408 413 0111111
450 371 607 413 mirum
649 386 774 425 saepe
816 387 896 414 nos
937 373 983 413 in
1024 372 1194 414 easdem
1236 387 1413 427 prorsus
1454 373 1698 428 corrigendi

175 444 267 485 vias
300 442 512 484 incidisse.
575 442 657 491 Qui
685 443 721 484 si
748 444 792 483 in
825 444 973 497 paucis
1005 444 1261 498 quibusdam
1293 444 1434 498 rebus,
1467 458 1487 484 e
1520 444 1698 485 metrico

161 514 448 568 potissimum
488 527 661 568 genere,
699 513 760 554 ita
799 514 1149 568 discrepabamus
1189 529 1237 555 ac
1274 514 1458 555 fortasse
1492 514 1700 569 discrepa-

174 599 271 627 mus
312 588 361 626 ut
402 585 456 626 ab
498 584 613 625 illius
655 584 851 638 partibus
891 587 1003 625 stare
1041 584 1160 625 nullo
1200 584 1326 626 modo
1365 599 1553 638 possem:
1592 583 1697 641 (quo

174 656 282 698 illud
314 655 500 710 pertinet
532 655 643 709 quod
676 655 978 709 monosyllaba
1011 669 1075 696 me
1104 669 1204 696 nam
1236 669 1332 696 011111
1364 655 1577 698 similibus
1611 673 1699 699 om·

173 728 300 769 nibus
332 727 500 768 hiatum
532 741 633 768 non.
652 726 697 766 in
730 726 815 767 arsi
846 729 1020 768 tantum
1051 726 1281 780 bisyllaba,
1312 741 1460 768 verum
1493 729 1622 769 etiam
1654 729 1699 770 in

176 799 290 840 thesi
317 813 450 853 eaque
477 797 776 852 monosyllaba
802 798 894 852 pati
923 797 1005 839 sibi
1032 795 1285 853 persuasitz)
1318 801 1408 840 tam
1434 799 1521 840 late
1553 790 1698 854 paten-

174 871 230 911 tis
264 870 544 912 dissensionis
576 883 750 911 caussas
782 868 978 910 intellexi
1016 868 1187 909 futurae
1228 868 1531 923 disceptationi
1564 886 1698 912 reser-

176 941 337 983 vandas
377 956 481 983 esse.
523 965 578 969 —
618 939 762 980 Vnum
801 941 867 980 est
904 942 1047 980 autem
1087 939 1289 993 quiddam
1327 939 1371 980 111
1409 940 1490 982 1100
1521 943 1698 984 metrico

175 1026 343 1068 genere,
364 1011 477 1067 quod
499 1025 594 1053 cum
617 1010 670 1051 ad
690 1009 994 1051 Menaechmos
1014 1013 1185 1064 praeter
1205 1010 1313 1051 alias
1334 1010 1502 1053 fabulas
1524 1017 1703 1068 spectet,

174 1083 256 1126 hoc
298 1083 393 1125 1000
440 1081 861 1124 commemorandum
906 1080 1019 1122 duxi.
1081 1080 1195 1123 Nam
1234 1096 1330 1123 cum
1370 1083 1415 1123 in
1454 1084 1698 1125 universum

174 1158 297 1196 tanta
335 1154 390 1196 sit
427 1154 673 1195 fabularum
705 1151 1003 1195 Plautinarum
1044 1152 1236 1193 omnium
1279 1156 1322 1194 et
1353 1154 1395 1194 in
1429 1168 1625 1196 sermone
1659 1159 1702 1196 et

174 1226 219 1267 in
258 1239 534 1267 numerorum
578 1224 833 1266 tractatione
877 1223 1183 1278 aequabilitas,
1226 1225 1274 1265 ut
1313 1224 1579 1279 singularum
1618 1227 1700 1268 dis-

174 1297 416 1351 crepantias
467 1296 774 1351 indagaturum
824 1294 1057 1336 verendum
1108 1295 1164 1335 sit
1212 1309 1266 1336 ne
1309 1295 1559 1351 plerumque
1604 1313 1700 1352 spes

175 1367 334 1422 eludat,
365 1370 512 1408 tamen
547 1370 622 1408 aut
652 1366 844 1407 fallimur
870 1368 945 1407 aut
977 1381 1002 1407 a
1032 1366 1248 1420 plerisque
1280 1367 1438 1408 fabulis
1471 1367 1576 1409 haec
1608 1369 1701 1423 ipsa

174 1439 255 1480 hoc
281 1438 427 1492 distat,
461 1438 573 1493 quod
599 1438 734 1479 multo
768 1437 930 1479 maiore
963 1437 1006 1478 in
1039 1452 1087 1479 eo
1121 1437 1242 1479 hiatu
1276 1438 1542 1480 admittendo
1574 1440 1699 1481 liber-

174 1512 264 1551 tate
295 1524 375 1551 usa
407 1513 488 1564 est,
528 1523 612 1564 quo
644 1508 854 1550 trochaici
893 1509 1128 1563 septenarii
1160 1509 1287 1551 binae
1321 1513 1464 1564 partes
1499 1511 1701 1553 dirimun—

174 1584 256 1622 tur.
320 1580 481 1630 Quodsi
525 1595 596 1622 eas
639 1580 828 1634 fabulas,
873 1580 923 1621 de
961 1580 1117 1634 quibus
1163 1595 1213 1622 ex
1252 1582 1473 1635 proposito
1513 1598 1537 1623 a
1577 1584 1702 1624 nobis

176 1656 385 1706 apparatu
419 1653 536 1693 certo
569 1651 750 1693 iudicari
783 1654 939 1706 potest,
971 1666 1066 1693 cum
1099 1652 1179 1693 hac
1212 1652 1443 1707 diligenter
1475 1654 1703 1695 contende-

175 1723 247 1777 ris,
280 1724 325 1764 in
356 1723 478 1765 nulla
509 1723 578 1765 vel
612 1723 788 1765 omnino
820 1725 887 1765 tot
919 1726 1024 1777 quot
1061 1724 1105 1764 in
1137 1723 1429 1766 Menaechmis
1461 1725 1578 1766 illius
1611 1725 1701 1766 hia-

175 1797 245 1835 tus
280 1794 476 1848 exempla
502 1794 688 1848 reperies
716 1794 783 1836 vel
815 1796 883 1835 tot
912 1795 973 1835 ita
1000 1798 1249 1849 comparata
1281 1798 1327 1837 ut
1358 1796 1522 1837 nullam
1555 1797 1607 1837 ab
1642 1797 1701 1837 eis

176 1865 512 1919 condicionibus,
544 1880 651 1920 quas
676 1866 997 1921 prolegomenis
1018 1866 1260 1907 Trinummi
1287 1867 1604 1922 explicavimus,
1637 1883 1704 1909 ex-

176 1937 444 1978 cusationem
488 1936 689 1979 habeant.
751 1937 815 1978 Ac
853 1937 1039 1991 primum
1086 1938 1256 1993 quidem
1302 1953 1373 1980 eos
1413 1939 1513 1980 hinc
1554 1954 1702 1980 versus

177 2021 475 2063 segregamus,
514 2023 698 2063 quorum
735 2009 781 2049 in
819 2008 1016 2064 legitima
1055 2023 1232 2050 caesura
1272 2008 1417 2052 hiatus
1451 2011 1702 2052 coniunctus

176 2082 242 2121 est
279 2094 376 2121 cum
414 2080 655 2120 mutatione
693 2093 995 2134 personarum,
1034 2081 1182 2134 quales
1221 2080 1355 2122 habes
1397 2097 1432 2123 v.
1472 2082 1565 2123 152.
1605 2082 1703 2122 379.

176 2151 273 2192 384.
306 2151 406 2192 422.
439 2151 537 2192 650.
572 2151 668 2193 651.
703 2151 801 2193 868.
833 2151 930 2192 937.
968 2152 1092 2193 1075.
1129 2153 1252 2194 1077.
1290 2153 1421 2193 1094:

176 2222 237 2281 Te
269 2236 448 2277 morare,
480 2221 590 2263 mihi
623 2236 753 2276 quom
786 2222 1019 2276 obloquere
1047 2238 1076 2264 ::
1104 2212 1287 2264 Oculum
1321 2224 1507 2266 ecfodito
1529 2246 1702 2265 —u—.

176 2292 262 2333 Vbi
288 2295 380 2334 tute
407 2292 523 2334 hunc
551 2293 769 2334 hominem
795 2294 957 2335 nouisti
978 2309 1008 2334 :z
1031 2283 1195 2335 I'bidem
1222 2294 1298 2335 ubi
1323 2295 1393 2336 hic
1415 2310 1482 2336 me
1509 2296 1592 2336 iam
1621 2296 1703 2337 diu.

176 2361 318 2404 Nimis
350 2363 484 2405 miror
516 2363 619 2418 quid
651 2364 733 2405 hoc
765 2365 831 2406 est
862 2365 1009 2419 negoti
1029 2380 1058 2405 2:
1080 2355 1258 2407 Oboluit
1289 2367 1598 2421 marsuppium.

178 2433 302 2474 Nunc
335 2434 504 2489 quando
536 2434 603 2475 uis
638 2442 784 2477 eamus
817 2435 930 2476 intro
952 2450 980 2476 :z
1001 2423 1148 2477 Etiam
1180 2437 1417 2490 parasitum
1451 2453 1608 2479 manes.

179 2502 285 2553 Quis
327 2504 397 2546 hic
438 2504 613 2547 homost
645 2521 675 2546 ::
708 2505 1012 2548 Menaechmus
1058 2507 1232 2562 quidam
1265 2523 1300 2549 2:
1336 2495 1502 2563 Edepol
1542 2509 1699 2550 factum

1032 2579 1240 2633 nequiter.

179 2644 284 2694 Quis
311 2645 348 2686 is
376 2645 700 2689 Menaechmust
722 2664 752 2689 ::
773 2647 838 2688 Tu
866 2648 965 2690 istic
990 2650 1166 2704 inquam
1188 2666 1217 2692 ::
1238 2637 1391 2705 Fsgone
1413 2666 1443 2691 ::
1464 2650 1524 2690 'l'u
1547 2665 1576 2691 ::
1598 2650 1701 2698 Quis

1033 2722 1189 2776 arguit.

178 2785 331 2828 Mihin’
364 2789 483 2842 cquis
516 2789 672 2831 iunctis
706 2792 871 2832 minare
893 2807 921 2832 z:
942 2778 1054 2833 Ecce
1088 2793 1248 2846 Apollo
1281 2792 1430 2833 (11311110.

181 2857 288 2906 Quid
331 2872 411 2911 ego
450 2860 534 2900 dixi
569 2877 597 2901 :2
625 2860 821 2903 lnszinu's
861 2862 1036 2916 inquam
1072 2879 1105 2904 τε
1139 2849 1290 2916 Egone
1323 2878 1356 2902 ::
1390 2862 1453 2901 'l‘u
1493 2863 1589 2902 istic
1631 2863 1706 2916 qus

1035 2934 1151 2974 mihi.

186 2999 246 3039 Te
273 3000 399 3041 hodie
426 3016 591 3042 mecum
620 3002 735 3043 exire
763 3018 811 3044 cx
839 3004 939 3044 naui
967 3019 999 3043 ::
1026 2990 1259 3043 Enimuero
1293 3017 1470 3055 aequom
1501 3004 1707 3055 pustulas.
