1946 3344
124 222 139 256 1
170 227 198 266 ι,
228 224 364 256 13—17
754 215 1022 251 BACCHlDES
1596 215 1646 253 11

766 323 1008 357 Pis‘rocumvs

123 365 208 419 Vbi
239 391 350 418 nunc
382 375 418 416 is
451 374 654 416 homost?

809 429 963 464 BAceffls

395 493 488 534 Iam
508 491 579 534 hie
601 492 724 534 eredo
747 491 898 533 aderit.
929 490 1003 531 sed
1024 490 1104 531 hoe
1126 490 1238 530 idem
1260 489 1371 543 apud
1392 504 1470 530 nos
1491 489 1650 530 rectius

124 567 292 608 Poteris
326 578 468 620 agere:
510 567 637 619 atque
669 562 707 604 1's
740 562 840 604 dum
872 561 1018 603 ueniat
1050 561 1200 603 sedens
1233 560 1293 601 ibi
1326 558 1592 615 opperibere.

126 639 290 681 Eadem
326 637 504 691 biberis,
537 635 686 678 eadem
719 633 872 676 dedero
905 632 1005 686 tibi,
1037 632 1111 674 ubi
1144 632 1304 673 biberis
1337 632 1516 674 sauium.

769 721 1009 756 P1srocmfflvs

129 785 285 828 Viscus
318 800 461 827 merus
495 786 690 826 nostrast
721 782 941 825 blanditia.

816 864 973 898 BAccrns

910 923 1019 974 Quid
1051 925 1168 966 iam?

774 1007 1011 1041 Pis'rochzvs

1040 1066 1150 1116 Quia
1176 1067 1290 1108 enim
1316 1066 1537 1120 intellego,
1611 1075 1655 1106 50

132 1128 350 1196 E'lxpetitis
382 1141 644 1194 palumbem:
680 1139 807 1194 perii,
840 1138 880 1180 si'
905 1138 1100 1180 harundo
1134 1138 1226 1180 alas
1255 1138 1466 1180 uerberat.

228 1287 285 1318 48.
313 1282 402 1317 Huc
431 1284 592 1326 spectare
618 1283 730 1324 putat
761 1279 928 1314 Loewius
953 1279 1086 1314 Proclr.
1114 1290 1154 1323 p.
1180 1282 1257 1314 :264
1286 1280 1441 1324 ῃῖοεειωη
1469 1279 1572 1313 Maii
1605 1278 1664 1311 VI

127 1349 165 1382 1).
193 1335 303 1372 53612:
329 1334 600 1380 obperibere
623 1343 634 1368 2
656 1331 871 1377 expectabis
1010 1336 1065 1367 49.
1095 1333 1236 1367 Charis.
1258 1344 1298 1377 p.
1325 1334 1414 1376 209,
1437 1336 1503 1367 12:
1530 1331 1659 1366 Obiter

131 1391 239 1425 cliuus
271 1388 483 1424 Hadrianus
522 1415 529 1421 .
558 1416 565 1423 .
593 1416 600 1423 .
640 1398 723 1421 cum
757 1386 916 1421 Scaurus
950 1385 1126 1420 Latinum
1158 1397 1238 1420 esse
1271 1386 1401 1431 neget,
1434 1384 1540 1419 addit
1570 1382 1659 1428 quia

130 1445 274 1478 ueteres
296 1442 448 1477 eadem
467 1440 571 1476 soliti
590 1439 665 1475 sint
685 1439 826 1483 dicere,
845 1449 918 1473 non
940 1439 1116 1475 addentes
1135 1439 1214 1482 uia,
1234 1441 1276 1474 ut
1297 1439 1345 1474 sit
1364 1436 1459 1474 κατὰ
1481 1437 1658 1483 ἔλλειψιν,

132 1499 173 1531 ut
197 1497 369 1539 Plautus,
395 1494 532 1538 inquit:
565 1494 739 1529 ‘eadem
764 1494 893 1528 bibes
922 1521 929 1528 .
951 1521 958 1528 .
981 1523 988 1528 .
1017 1493 1209 1528 sauium’
1294 1498 1348 1528 50.
1379 1492 1520 1527 Charis.
1538 1504 1575 1536 2).
1597 1494 1659 1535 32,

134 1553 196 1586 14:
222 1550 413 1584 Plautus
440 1547 594 1582 uiscus
621 1547 734 1582 dixit:
759 1548 972 1591 quibuscum
998 1546 1115 1580 verbis
1140 1547 1184 1589 ef.
1206 1546 1301 1581 Ecce.
1324 1558 1363 1590 p.
1391 1548 1476 1588 548,
1497 1549 1563 1580 19:
1589 1545 1659 1580 hoe

131 1604 273 1638 niseum
302 1612 313 1637 ι
342 1600 433 1644 ἰξός;
472 1601 538 1635 sed
570 1600 762 1636 Plautus
794 1599 948 1634 uiscus
981 1597 1086 1634 dixit.
1127 1600 1246 1634 Porro
1277 1600 1346 1635 huc
1376 1603 1536 1644 spectare
1567 1599 1660 1633 vidit

132 1657 300 1692 Loewius
325 1656 456 1690 Prodr.
479 1666 517 1699 p.
537 1657 612 1690 256
636 1655 791 1699 ylossam
816 1654 910 1688 hanc
930 1653 1038 1687 Libri
1061 1653 1280 1698 yles-sarum:
1307 1652 1499 1687 Viscum.
1526 1662 1660 1696 genere

132 1708 338 1745 masculino
364 1708 536 1743 Plautus:
572 1708 743 1743 ‘uiscus
769 1717 914 1741 merus
948 1708 991 1741 et
1016 1717 1122 1741 uera
1147 1706 1363 1741 moratio’
1401 1707 1455 1749 (h.
1482 1718 1508 1742 e.
1536 1706 1660 1740 uiscus

133 1775 255 1798 merus
282 1763 338 1797 est
362 1763 488 1797 uestra
515 1761 661 1804 oratio).
702 1761 802 1796 Unde
825 1760 1054 1804 probabilius
1085 1763 1135 1794 est
1162 1759 1371 1795 Glearisium
1402 1761 1472 1795 huc
1502 1763 1661 1804 spectare

132 1829 241 1861 quam
266 1817 316 1851 acl
345 1815 454 1850 Poen.
475 1818 559 1850 479.
586 1815 622 1849 A
642 1815 756 1850 Libro
781 1815 886 1859 yloss.
908 1814 1070 1858 pendent
1089 1814 1230 1857 Papias
1256 1818 1288 1849 et
1312 1814 1417 1859 yloss.
1445 1813 1659 1848 Salomonis.

134 1870 269 1906 Eodem
289 1872 425 1914 spectat
440 1868 573 1913 Cyrilli
590 1869 709 1913 ylossa
729 1868 815 1903 haec
838 1869 889 1912 (p.
910 1869 994 1909 495,
1014 1870 1095 1910 442·
1124 1865 1199 1909 ἰξός
1213 1877 1222 1903 :
1238 1866 1393 1901 uiscum.
1422 1866 1661 1911 singulariter

134 1924 281 1958 tantum
307 1922 532 1957 declinatur:
559 1923 598 1956 et
629 1921 783 1956 dieitur:
816 1920 888 1955 hic
920 1920 1074 1955 uiscus
1220 1925 1275 1955 50.
1303 1925 1358 1955 51.
1386 1921 1484 1955 Non.
1506 1932 1544 1965 p.
1571 1923 1661 1955 219.-

136 1976 372 2012 Palumbes
402 1974 591 2017 (Palumbi
617 1975 735 2019 codd.)
764 2002 771 2009 .
794 2004 800 2010 .
824 2004 831 2011 .
858 1974 1050 2009 Plautus
1076 1973 1401 2009 Bacchidibus:
1431 1974 1555 2018 ‘quia
1582 2002 1588 2007 .
1618 2001 1624 2007 .
1653 2002 1659 2007 .

134 2029 425 2076 palumbem'.
454 2027 508 2071 Cf.
532 2027 663 2062 Charis
682 2039 720 2072 p.
746 2032 817 2063 106
843 2031 876 2063 et
901 2029 1055 2072 =(Jlossam
1081 2029 1155 2063 eocl.
1179 2028 1301 2062 Paris.
1329 2030 1451 2069 (noue.
1479 2030 1572 2071 aeq.)
1598 2027 1660 2060 lat.

139 2087 234 2120 1:293
259 2084 371 2119 hanc:
403 2082 593 2117 Palumbe.
622 2093 694 2126 que
726 2081 763 2115 in
790 2081 984 2117 arboribus
1018 2082 1201 2127 degerunt
1226 2081 1306 2126 uig.
1335 2083 1552 2125 (sequuntur
1578 2080 1659 2114 circ.

135 2141 156 2172 4
183 2139 250 2172 litt.
273 2140 412 2180 erasae)
439 2147 550 2171 rauce
576 2135 750 2180 palumbe
776 2135 947 2180 plaunt.
976 2136 1085 2171 aliter
1110 2147 1241 2170 unum
1268 2133 1492 2179 expetitis
1520 2132 1661 2177 inquid.

134 2190 341 2236 palumbe

231 2331 287 2362 47.
314 2326 369 2361 ΡΙ.
397 2337 462 2361 om.
490 2325 536 2360 F.
564 2325 592 2359 P
618 2326 658 2360 in
683 2325 846 2369 maryine
871 2325 975 2360 habet
1001 2325 1056 2360 D³
1196 2326 1307 2360 homo
1335 2326 1370 2359 st
1396 2325 1441 2359 B.
1469 2324 1580 2358 homo
1607 2324 1664 2357 est

137 2382 269 2426 reliqui
364 2379 456 2426 BA.]
483 2378 516 2413 A
535 2379 571 2413 Β
669 2378 777 2413 eredo
805 2378 925 2414 aderit
949 2378 1010 2414 hic
1036 2380 1072 2413 B
1170 2378 1234 2413 sed
1260 2379 1307 2412 Β.
1334 2391 1365 2420 s3
1395 2378 1468 2412 CI)
1566 2376 1663 2421 apud

139 2434 259 2471 CFZ.
288 2438 336 2478 af)
362 2434 411 2469 D.
439 2433 502 2478 ap’
530 2433 566 2467 B
710 2435 766 2467 48.
794 2432 825 2467 is
853 2433 938 2466 dum
968 2432 1094 2467 ueniat
1120 2432 1250 2467 sedens
1277 2430 1330 2465 ibi
1356 2431 1484 2466 BCI).
1519 2430 1549 2465 is
1576 2430 1662 2464 dum

138 2488 266 2523 ueniat
292 2487 422 2522 sedens
447 2486 508 2520 hie
535 2486 623 2520 FZ.
658 2486 710 2520 ibi
737 2485 867 2521 sedens
895 2485 981 2520 (lum
1009 2486 1040 2520 is
1067 2484 1194 2520 ueniat
1219 2485 1438 2520 Rz'tschelius
1464 2495 1543 2519 eum
1569 2482 1663 2517 Her-

139 2552 292 2584 manno,
325 2542 366 2575 in
392 2541 626 2575 adnotatione
659 2538 875 2584 opperibere
908 2538 960 2572 ibi
992 2538 1122 2573 sedens
1153 2538 1314 2573 reiciens.
1348 2537 1378 2571 is
1413 2537 1500 2571 dum
1539 2536 1663 2570 ueniat

140 2593 290 2629 interibi
318 2593 410 2628 idem
437 2592 566 2638 Opuse.
592 2592 660 2627 vol.
689 2592 794 2636 1112.
821 2595 896 2628 267
995 2591 1187 2636 oper-ibere
1213 2591 1296 2625 BF
1420 2594 1476 2624 49.
1504 2589 1607 2623 bibes
1634 2589 1667 2622 Z

139 2658 218 2682 cum
245 2647 412 2681 Charisio
535 2645 663 2680 eadem
696 2645 763 2680 tibi
797 2645 933 2680 dedero
961 2645 1104 2679 sanium
1131 2645 1271 2679 omissis
1298 2644 1447 2687 reliquis
1474 2643 1664 2677 Charisius

234 2704 290 2734 50.
319 2699 372 2742 Cf.
401 2700 526 2734 testim.
614 2700 778 2734 nostrast
796 2699 842 2733 B.
869 2699 940 2733 uia
965 2700 1021 2733 est
1047 2698 1131 2733 OD.
1158 2699 1282 2732 uestra
1308 2698 1366 2731 est
1392 2695 1470 2729 FZ
1558 2694 1662 2728 blan-

141 2753 237 2788 dicia
263 2752 385 2788 CDF
485 2751 576 2798 BA.]
604 2754 634 2786 A
656 2752 693 2787 Β
796 2751 968 2794 Quidiam
996 2752 1034 2786 D
1140 2750 1251 2796 Quia]
1279 2750 1340 2793 qui
1367 2749 1513 2783 Nonius
1610 2747 1663 2781 in-

140 2806 271 2851 telligo
300 2806 333 2840 Z
436 2808 491 2840 51.
521 2805 574 2848 Of.
601 2806 731 2841 testim.
831 2806 1015 2851 Expetitis
1041 2805 1182 2849 scripsi.
1212 2804 1313 2837 Duae
1339 2802 1441 2848 (Duru=
1468 2802 1522 2844 D)
1552 2813 1661 2835 unum

142 2858 315 2903 expetitis
342 2870 422 2894 cum
446 2859 571 2894 Nonio
598 2859 701 2893 libri:
728 2862 766 2894 at
792 2859 854 2894 viae
873 2860 1054 2904 explicari
1080 2869 1145 2893 eur
1164 2858 1258 2891 duas
1284 2867 1396 2890 unum
1424 2858 1582 2899 expetere
1601 2855 1664 2889 hoe

142 2912 216 2947 loco
235 2913 336 2947 dicat
349 2915 458 2957 poeta
478 2915 569 2947 recte
589 2913 736 2956 ecc-ponit
758 2913 960 2947 Muellerus
982 2911 1086 2946 I’ros.
1109 2911 1163 2945 Pl.
1181 2921 1218 2954 p.
1242 2912 1322 2944 704.
1349 2907 1451 2942 Duae
1473 2919 1530 2942 me
1552 2919 1662 2942 unum

143 2964 360 3000 Rilschelius
385 2966 513 3000 collato
539 2964 769 3000 Fleckeiseno
795 2965 926 3000 Emere.
948 2976 988 3009 1).
1017 2968 1062 3000 15
1087 2976 1135 3008 sq.
1162 2966 1194 2998 et
1219 2965 1287 2997 26:
1311 2972 1419 3006 quam
1444 2962 1664 3005 scripturam
