1946 3344
214 189 401 220 262—295
849 185 1098 221 APPENDIX
1657 186 1736 227 151

210 293 360 328 servavi.
389 313 432 318 -—
458 292 513 327 ire
541 292 592 327 sic
619 304 702 327 cum
734 292 934 339 Vssiwyius.
992 293 1118 328 Verbis
1149 303 1232 326 cum
1264 291 1377 326 uuida
1408 293 1512 327 ueste
1539 293 1604 327 del.
1634 292 1737 328 Orai—

211 347 296 380 uius
330 346 469 380 ‘Zselm
503 349 529 389 f.
557 346 704 391 Gymn.’
736 346 848 380 XXI
866 358 906 391 p.
935 349 1006 381 148
1038 345 1186 390 puellae
1223 366 1266 371 -—
1299 348 1377 380 tam
1410 349 1487 381 tetr.
1521 347 1640 381 bacch.
1668 358 1738 382 esse

210 400 324 434 voluit
348 402 509 444 sequente
535 400 620 444 trip.
647 401 756 435 troelz.
809 399 862 443 Of.
885 400 1005 444 praef.

303 456 370 487 266
383 463 432 497 sq.
468 451 559 487 Ilico
586 452 658 486 huc
684 453 896 488 dubitanter
920 453 1121 496 Lariyeuus
1149 452 1295 488 ‘Beztw’
1320 465 1356 497 p.
1388 455 1468 487 158.
1513 451 1613 487 Deiii
1638 453 1735 487 unde

180 532 185 533 ν
207 505 277 540 1100
296 506 427 539 uectae
443 504 685 539 Camerarius.
713 505 810 539 unde
830 507 960 540 uectae
974 505 1220 541 Hermauuus.
1255 506 1293 540 V.
1311 509 1378 541 265
1394 506 1458 540 del.
1473 507 1551 541 bam
1571 505 1734 541 Guietus.

302 561 369 593 272
385 569 434 603 sq.
471 569 490 593 e
517 559 581 593 del.
617 558 774 593 Weisius
799 559 982 600 refutante
1001 558 1261 604 Kampmamzo
1287 560 1330 594 de
1355 566 1409 591 EX
1426 570 1594 604 praepos.
1613 570 1649 603 p.
1678 563 1734 595 11.

207 611 337 646 ambae
365 623 506 655 sumus,
533 612 570 645 te
598 612 749 646 obsecro
770 611 938 655 Reizius,
964 612 1201 647 Hermanrms
1226 613 1291 648 El.
1312 614 1346 648 cl.
1373 625 1416 647 m.
1439 623 1478 657 p.
1499 615 1585 648 206.
1621 613 1734 647 simus

207 665 358 707 ambae,
385 665 537 699 obsecro
566 664 836 708 Fleckeiseuus,
870 665 1071 700 Berctleius.
1127 665 1281 701 Tradita
1313 677 1393 701 eum
1418 665 1666 701 Studemuuclo
1693 667 1736 701 cle

207 721 301 753 caut.
332 730 370 762 p.
397 720 444 752 12
476 729 513 752 eo
545 719 661 762 mayzs
691 719 833 752 servavi
843 745 853 760 ,
885 719 973 762 quia
1004 720 1113 754 etiam
1141 720 1336 764 proximus
1365 730 1487 755 versus
1514 720 1562 754 acl
1587 720 1735 754 eandem

203 772 352 815 speeiem
390 771 614 806 revocandas
645 774 739 814 erat,
778 771 843 805 ubi
880 775 954 806 tam
991 773 1140 807 metrica
1177 783 1285 816 quam
1322 772 1561 816 =arammatiea
1593 773 1734 806 ratione

204 823 359 859 uoluisti
387 825 556 867 offendit.-
587 824 683 869 quocl
714 825 826 859 sensit
857 824 1067 870 Speuyelius
1095 825 1207 868 ‘Refl’
1232 836 1270 869 p.
1299 828 1348 860 48
1361 836 1409 870 sq.
1444 826 1504 870 (ef.
1534 828 1635 869 132),
1669 827 1735 861 etsi

203 878 358 912 noluisti
387 878 460 912 huc
485 877 635 921 adigere
662 878 858 921 temptavit.
903 888 1014 922 agere
1039 879 1080 912 tu
1107 878 1261 913 uoluisti
1287 879 1360 912 huc
1388 878 1564 913 Oraiuius
1594 878 1731 915 ‘Zsohr.

202 932 229 974 f.
261 930 407 977 Cr'ymu.²
437 931 550 966 XXI
566 942 606 975 p.
634 934 717 965 150.
764 942 874 975 agere
900 931 1073 966 uoluistis
1099 931 1171 966 huc
1197 932 1447 967 Hermawnus.

299 988 367 1019 275
381 995 452 1030 sqq.
491 984 639 1019 nesciae
670 984 774 1029 ipsae
811 995 934 1019 sumus
969 985 1212 1020 Franckeuus
1244 985 1264 1019 l.
1293 995 1319 1019 s.
1347 996 1372 1021 s.
1401 996 1440 1030 p.
1469 988 1517 1020 40
1536 997 1584 1030 sq.
1623 986 1734 1020 simul

202 1050 233 1073 v.
261 1042 338 1074 277
370 1049 610 1082 corrumperis.
662 1038 704 1072 In
736 1038 803 1072 tua
833 1039 875 1072 ut
905 1037 1066 1082 recipias
1102 1040 1204 1073 tecta
1235 1037 1394 1073 Reizius.
1445 1038 1502 1073 De
1533 1050 1563 1073 v.
1591 1042 1658 1072 277
1686 1039 1731 1082 ef.

204 1091 403 1126 Muellerus
430 1091 530 1126 Pros.
553 1103 590 1136 p.
615 1093 688 1126 185
713 1092 812 1135 adu..
836 1091 901 1126 ubi
925 1092 1049 1125 malim
1076 1092 1365 1136 Miserarumque
1392 1093 1429 1125 te
1457 1092 1650 1126 ambarum
1677 1092 1732 1127 uti

204 1144 391 1179 misereat.
434 1145 728 1188 Miserarumque
754 1146 791 1179 te
818 1144 1011 1179 ambarum
1037 1145 1092 1178 uti
1118 1144 1338 1179 misereatur
1364 1144 1612 1179 Hermaunus.

298 1201 366 1233 278
387 1209 436 1243 sq.
469 1197 572 1232 locus
605 1198 728 1232 nullus
762 1198 973 1243 Speuyelius
1007 1196 1120 1240 ‘Refi’
1152 1209 1189 1242 p.
1226 1200 1306 1233 194.
1362 1197 1486 1232 locust
1516 1198 1614 1232 ullus
1649 1201 1730 1242 (om.

202 1253 258 1286 est
284 1255 369 1296 post
398 1251 546 1296 parata)
579 1251 844 1286 Fleckeiseuus.
903 1251 957 1295 Of.
993 1251 1195 1286 Muellerus
1228 1252 1248 1286 l.
1277 1262 1304 1286 s.
1330 1262 1356 1286 s.
1393 1252 1488 1285 Moae
1520 1251 1731 1296 quicquam,

200 1316 275 1340 riou
301 1316 425 1349 quam,
450 1306 515 1340 clel.
547 1303 710 1340 Guietus.
749 1305 817 1340 hoc
845 1304 945 1349 quod
972 1305 1075 1339 uides
1102 1304 1263 1349 amplius
1290 1304 1553 1340 Fleckeiseuus.
1601 1306 1640 1339 V.
1663 1310 1731 1340 280

202 1359 253 1392 mi
279 1358 430 1394 Reieius
455 1359 662 1403 obloquente
687 1359 948 1404 Kampmauuo
974 1359 1016 1393 cle
1041 1366 1092 1390 AB
1111 1369 1239 1403 praep.
1261 1369 1299 1402 p.
1327 1360 1388 1393 25.

299 1415 378 1447 282.
408 1411 480 1447 Sed
505 1411 567 1446 hic
599 1413 665 1456 (sic
692 1423 771 1446 eum
797 1411 833 1445 B
853 1423 912 1456 pr.
945 1411 1095 1446 Pareus.
1146 1411 1227 1446 heio
1257 1410 1451 1455 Gruterus)
1485 1423 1667 1457 pauperes
1695 1414 1732 1447 et

200 1465 330 1510 inopes
363 1477 437 1509 res,
470 1464 619 1510 puellae
645 1465 803 1500 Reieius.
863 1465 935 1500 Sed
966 1475 1023 1499 res
1059 1475 1240 1510 pauperes
1274 1465 1359 1498 sunb
1389 1465 1593 1509 inopesque
1627 1466 1731 1509 haec,

201 1519 348 1563 puellae
374 1519 541 1553 Bothius.
599 1518 671 1553 Sed
702 1519 795 1553 haec
827 1529 1010 1564 pauperes
1043 1520 1128 1552 sunt
1158 1517 1288 1563 inopes
1321 1528 1395 1562 res,
1429 1518 1575 1562 puellae
1603 1518 1730 1554 Fleclc-

202 1573 358 1607 eiseuus:
391 1573 435 1614 cf.
465 1572 667 1607 ffluellerus
693 1571 795 1607 Pros.
824 1584 862 1617 p.
889 1575 974 1607 250.
1028 1571 1099 1606 Sed
1126 1572 1219 1606 haec
1252 1582 1433 1616 pauperes
1461 1574 1546 1607 suni]
1572 1584 1676 1618 opeS,
1709 1585 1729 1608 o

200 1624 347 1670 puellae
374 1625 586 1670 Speuyelius
620 1625 718 1668 ‘Refi
745 1637 784 1670 p.
812 1629 892 1660 411.
945 1623 1017 1659 Sed
1048 1626 1140 1660 haec
1172 1636 1352 1670 pauperes
1384 1635 1441 1659 res
1473 1625 1602 1671 inopes
1635 1627 1728 1669 sunt,

201 1677 349 1723 puellae
376 1677 624 1712 Hermarmus.

296 1735 363 1766 283
379 1741 451 1775 sqq.
490 1730 599 1765 Nihil
633 1731 825 1774 effecerunt
858 1731 1026 1775 Reizius,
1063 1731 1239 1774 Bothius,
1271 1731 1358 1773 alii,
1389 1731 1521 1765 nedum
1555 1731 1730 1767 Crainius

201 1786 222 1820 l.
243 1796 269 1820 s.
291 1795 317 1819 s.
334 1796 372 1829 p.
396 1787 475 1819 149.
499 1786 568 1819 151
589 1784 698 1828 (inter
717 1785 794 1819 alia
815 1785 965 1829 egomet
989 1788 1022 1820 et
1041 1784 1125 1819 cibo
1149 1785 1329 1828 peccans),
1350 1784 1592 1819 Frauelceuus
1613 1786 1632 1820 l.
1653 1796 1680 1820 s.
1702 1796 1728 1820 s.

198 1850 234 1883 p.
262 1841 319 1872 41.
377 1837 603 1872 Fleckeiserii
634 1837 800 1873 baeeheos
825 1849 856 1873 v.
884 1840 1094 1873 283-285
1122 1838 1182 1882 (cf.
1201 1838 1317 1872 etiam
1344 1838 1482 1872 Ano-zat.
1504 1839 1596 1882 phil.
1624 1839 1731 1873 LXI

194 1904 233 1937 p.
257 1893 323 1936 27)
356 1895 446 1926 reete
477 1892 709 1936 impuquavit
734 1891 946 1937 Spenyelius
966 1903 1005 1936 p.
1033 1894 1115 1926 303.
1143 1893 1226 1926 199.
1252 1892 1328 1925 209
1354 1890 1412 1933 (ef.
1439 1892 1515 1925 286
1529 1892 1613 1934 sq),
1643 1902 1728 1935 ([1ιο-

199 1956 279 1980 eum
303 1945 374 1988 feei
398 1955 428 1980 v.
450 1947 518 1979 283
547 1946 682 1988 (meam
708 1944 770 1979 uix
797 1945 915 1979 uitam
940 1946 1001 1980 ille
1021 1947 1220 1990 praeeunte
1240 1943 1301 1978 nix
1322 1954 1441 1978 meam
1462 1944 1579 1978 uitam
1599 1944 1638 1977 F
1640 1945 1728 1979 leck-

199 1999 329 2042 eiseuo)
367 2002 400 2033 et
435 2009 467 2033 υ.
494 2001 562 2033 288
577 2009 626 2043 sq.
671 1998 722 2033 At
751 1999 902 2043 pessime
934 1998 1089 2033 Veneris
1124 2019 1165 2023 »-
1200 1998 1304 2032 clueo
1339 1998 1612 2042 anapaestieum
1643 1999 1729 2040 feeit

199 2052 359 2086 alienum
388 2052 627 2096 vitiosumque
657 2063 770 2096 ‘neque
801 2056 892 2088 reete
922 2056 1003 2096 post
1034 2055 1111 2086 tetr.
1146 2052 1263 2086 bacch.
1292 2051 1430 2085 Verum
1459 2072 1499 2075 —
1530 2061 1552 2085 a
1577 2063 1635 2086 me
1663 2053 1729 2096 (sic

198 2106 273 2140 iam
305 2105 588 2150 Kampmarmus
618 2106 660 2140 cle
697 2114 747 2138 AB
786 2117 952 2151 praepos.
983 2117 1019 2149 p.
1056 2107 1116 2148 18)
1155 2104 1302 2149 scripsit
1341 2104 1420 2146 Quo
1453 2116 1550 2138 nunc
1583 2105 1725 2140 ualebit

201 2159 309 2204 copia
333 2159 392 2194 uel
417 2158 516 2202 quod
543 2158 650 2203 copia
674 2159 823 2204 ualebo,
847 2160 912 2195 ubi
937 2158 1037 2203 quod
1063 2168 1146 2192 mea
1172 2158 1225 2193 vel
1249 2159 1379 2192 nostra
1406 2169 1434 2192 c.
1463 2170 1496 2191 u.
1525 2158 1568 2192 L.
1599 2158 1727 2193 Carrio

198 2213 288 2247 Ant.
316 2213 391 2248 leet.
417 2211 470 2246 II
491 2215 537 2247 16
558 2223 596 2256 p.
619 2215 676 2257 51,
702 2224 774 2257 qno
801 2215 929 2249 nostra
956 2223 985 2246 c.
1007 2224 1040 2245 11.
1069 2212 1286 2246 Gulielmius
1318 2211 1384 2256 Qu.
1411 2211 1452 2245 iu
1472 2211 1571 2246 Rud.
1593 2223 1633 2255 p.
1655 2215 1725 2246 435)

200 2266 322 2309 (simul
346 2264 477 2300 fateor.
524 2275 594 2310 ego
620 2266 729 2300 huius
756 2271 883 2302 eontra
908 2266 1030 2301 fateor
1056 2277 1136 2310 ego,
1182 2264 1290 2299 huius
1319 2264 1621 2299 Camerariauum
1646 2267 1725 2299 eiu-

198 2319 355 2363 clieaus),
379 2320 508 2354 nostra
534 2330 606 2363 quo
632 2331 665 2354 u.
689 2331 718 2354 c.
741 2320 902 2364 Reieius,
928 2331 1001 2365 quo
1029 2332 1062 2354 u.
1090 2330 1117 2353 0.
1140 2318 1308 2361 Botlzius,
1336 2318 1458 2361 quoad
1485 2328 1513 2352 0.
1542 2331 1574 2351 11.
1597 2318 1726 2353 Fleck-

197 2373 336 2407 eiseuus
361 2372 422 2417 (ef.
450 2372 653 2407 Muellerus
680 2373 819 2408 ‘Zsehr.
846 2374 872 2416 f.
898 2372 1045 2419 Gymw’
1077 2372 1189 2406 XXI
1208 2384 1246 2415 p.
1270 2373 1353 2414 559,
1381 2371 1540 2406 Brizeius
1566 2373 1614 2406 acl
1641 2371 1723 2406 Mil.

197 2436 228 2459 v.
247 2428 329 2468 657,
349 2426 412 2469 qui
425 2425 534 2460 verba
548 2426 641 2468 del).
666 2425 790 2461 Possis
811 2426 890 2469 Quo
912 2426 1067 2471 necopia
1088 2438 1121 2460 u.
1137 2425 1227 2470 (scil.
1242 2426 1389 2468 fanum:
1409 2425 1604 2469 necopiam
1619 2426 1726 2460 etiam

199 2479 302 2513 Cure.
335 2490 367 2514 v.
395 2480 467 2513 330
499 2479 694 2522 adhibeas).
761 2479 814 2514 De
846 2491 875 2514 v.
910 2484 990 2515 287.
1022 2483 1090 2514 289
1118 2489 1289 2523 perversa
1315 2479 1457 2523 profert
1489 2478 1562 2513 Leo
1596 2479 1616 2512 l.
1644 2490 1669 2512 s.
1697 2490 1723 2513 s.

191 2543 229 2576 p.
254 2534 338 2567 188.
378 2531 514 2566 Verum
539 2542 614 2566 uon
639 2532 743 2567 habet
768 2543 836 2577 quo
862 2534 1060 2577 referatur,
1084 2533 1159 2567 uisi
1185 2533 1233 2567 acl
1259 2532 1430 2566 sacerdos
1458 2532 1562 2566 clueo
1583 2532 1726 2575 aliquid

196 2585 365 2629 suppleas
390 2584 587 2619 adiuvante
612 2588 645 2619 et
671 2589 780 2620 metro
806 2589 837 2620 et
862 2587 1042 2620 memoria.
1082 2585 1134 2628 Cf.
1158 2586 1278 2629 praef.

292 2641 370 2672 291.
399 2639 517 2672 artem
544 2637 706 2673 didicere
739 2639 855 2673 ullam
884 2639 1052 2684 Pylades.
1111 2638 1321 2672 didicerunt
1352 2638 1470 2672 arteni
1497 2637 1610 2671 ullam
1637 2637 1721 2671 Ilei-

197 2692 285 2727 zius.
338 2691 403 2735 qui
429 2690 590 2725 didicere
617 2693 734 2726 artem
762 2691 876 2726 ullam
904 2692 1102 2727 Illaellerus
1131 2691 1315 2726 ‘Nachtr.’
1342 2703 1378 2735 p.
1403 2694 1469 2725 110
1497 2691 1581 2724 culn.
1627 2690 1720 2724 didi-

197 2755 278 2778 cere
305 2744 422 2778 artem
451 2743 591 2778 nullam
618 2743 829 2788 Spenyelius
858 2744 971 2787 ‘Refl’
995 2756 1034 2789 p.
1064 2748 1143 2779 194.

291 2801 359 2832 293
374 2808 423 2842 sq.
460 2796 531 2831 Vos
553 2795 625 2829 iam
642 2796 845 2841 Scioppius.
868 2819 910 2823 —
932 2798 1023 2832 Hice
1045 2798 1145 2832 hami
1166 2798 1353 2832 Bentleias
1374 2797 1395 2830 I.
1410 2808 1435 2831 s.
1450 2808 1476 2830 s.
1505 2796 1551 2829 Hi
1573 2796 1722 2831 schoeni

198 2850 401 2885 Saraeerius
416 2861 494 2884 eum
514 2849 632 2893 Valla,
647 2851 706 2884 eui
720 2850 816 2884 enim
833 2852 916 2886 acltl.
936 2851 1105 2897 Pylades.
1135 2850 1188 2893 Cf.
1205 2850 1425 2884 Selemizltias
1439 2850 1481 2883 de
1490 2861 1596 2893 pron.
1611 2861 1645 2892 p.
1663 2852 1718 2883 43.

292 2907 371 2938 295.
401 2903 551 2938 Praeter
579 2903 724 2938 Cotidie
751 2904 792 2937 cle
818 2903 924 2939 Illinc
952 2916 1068 2949 usque
1095 2906 1197 2949 coyit.
1239 2903 1480 2937 (chnercm'us.
1526 2903 1584 2937 De
1609 2903 1719 2937 Lam-

197 2956 276 2990 bini
301 2957 501 2992 testimonio
527 2956 672 2991 dubitat
699 2956 886 2991 Gruterus.
941 2958 995 3001 Cf.
1017 2958 1137 3002 praef.
