1946 3344
783 227 1053 264 PRAEFATIO
1598 225 1684 262 XIII

157 339 577 395 concinnitatemque
599 353 856 381 sermonum.
900 338 1045 394 Atque
1065 339 1108 380 in
1130 352 1179 381 ea
1198 337 1372 380 fabulae
1392 337 1514 392 parte
1535 349 1684 391 reapse

157 412 317 468 aliquid
355 411 561 454 excidisse
601 410 769 453 aliunde
809 411 1094 466 cognoscitur.
1162 409 1276 452 Nam
1316 424 1412 452 cum
1457 408 1503 450 in
1547 407 1687 464 glos-

156 485 292 527 sario
338 484 412 526 illo
450 482 711 538 Plautino,
757 482 875 525 cuius
919 482 1153 524 identidem
1199 482 1362 524 mentio
1406 478 1565 523 iniecta
1610 482 1686 534 est,

157 559 378 611 excerptae
411 571 432 598 e
464 555 678 597 Pseudolo
711 555 882 610 glossae
913 554 996 596 1100
1028 569 1071 596 se
1105 555 1251 596 ordine
1285 554 1516 608 excipiant:
1555 553 1686 594 mani-

149 629 342 683 pulatim,
368 628 566 682 alicunde,
594 627 776 678 bombum,
803 627 981 680 temperi,
1007 626 1220 680 cupienter,
1239 626 1515 678 nite'dc'useztle,
1536 625 1684 666 altrin-

154 713 282 751 secus,
314 703 591 753 extr-auersus,
623 699 781 750 simitu,
813 701 1022 752 quotumo,
1054 711 1218 751 rursus,
1249 697 1441 751 saeuiter,
1473 696 1687 750 blanditer,

155 772 353 825 afflicter:
386 771 467 813 etsi
492 770 680 826 reliquae
707 784 832 812 voces
859 770 945 812 suis
974 783 1165 825 quaeque
1193 769 1298 811 locis
1326 770 1516 821 exstant,
1542 771 1687 808 tamen

157 844 269 885 inter
299 846 488 896 quotumo
522 842 634 897 quod
668 841 720 884 ad
759 857 797 884 v.
833 842 946 883 1173
983 843 1167 896 spectat,
1207 843 1250 882 et
1280 840 1454 882 saeuiter
1486 839 1688 881 blanditer

157 930 264 970 quae
303 915 506 970 leguntur
544 929 581 955 v.
624 914 755 967 1290,
797 926 975 955 rursus
1017 912 1124 954 illud
1162 912 1288 954 hodie
1325 925 1536 965 nusquam
1575 924 1686 951 com-

156 984 339 1042 paret.'⁴²‘)
402 985 500 1028 Huc
533 985 671 1027 simile
705 984 907 1038 quiddam
941 985 1106 1027 accedit
1133 983 1262 1026 etiam
1288 983 1428 1038 magis
1457 982 1687 1036 singulare.

155 1058 206 1099 In
240 1058 406 1100 duobus
440 1057 552 1098 enim
589 1057 805 1098 codicibus
838 1056 954 1098 illius
982 1055 1198 1111 glossarii,
1231 1055 1367 1096 altero
1402 1052 1690 1109 Scaligerano,

156 1129 465 1171 Darmstadino
505 1129 658 1184 altero,
696 1132 796 1183 post-
833 1128 1010 1181 afflicter
1049 1127 1162 1182 quod
1202 1141 1234 1167 e.
1272 1141 1309 1167 v.
1351 1124 1464 1167 1295
1504 1124 1687 1179 petitum

157 1204 221 1242 est
247 1201 440 1255 sequitur
462 1200 626 1252 fames.
679 1199 802 1249 Quod
829 1198 910 1240 etsi
936 1198 1037 1253 quid
1071 1212 1162 1250 esse
1190 1197 1329 1239 dicam
1356 1196 1513 1250 nescio,
1539 1198 1688 1237 tamen

155 1272 283 1314 fidem
319 1271 424 1313 facit
461 1271 587 1326 plura
624 1271 668 1312 in
706 1270 818 1312 male
850 1270 1012 1312 habitis
1046 1269 1221 1311 canticis
1254 1268 1359 1323 illis,
1401 1268 1446 1309 in
1479 1281 1586 1322 quae
1621 1266 1689 1307 de-

157 1343 260 1385 sinit
284 1342 450 1397 fabula,
474 1342 745 1384 intercidisse
771 1357 902 1398 quam
926 1356 1040 1383 nunc
1067 1340 1238 1396 assequi
1265 1340 1508 1382 coniectura
1534 1335 1689 1379 liceat.9

276 1414 472 1469 Denique
498 1414 636 1456 habeo
664 1428 738 1455 cur
765 1428 981 1467 moneam,
1014 1413 1059 1454 in
1087 1410 1512 1467 orthographicis
1541 1423 1689 1464 quae-

157 1486 419 1528 stionibus
457 1500 510 1527 ne
551 1486 596 1527 in
627 1485 708 1527 hac
741 1485 910 1540 quidem
955 1484 1102 1526 fabula
1134 1497 1201 1525 me
1233 1482 1387 1524 maiori
1420 1480 1690 1523 constantiae

163 1572 338 1611 operam
372 1557 538 1598 dedisse
572 1571 698 1611 quam
726 1556 771 1597 in
791 1555 1096 1598 Bacchidibus:
1131 1570 1213 1610 quo
1240 1553 1449 1596 desiderio
1479 1552 1552 1607 qui
1575 1555 1689 1593 tene-

156 1630 228 1669 tur
260 1628 298 1669 ei
329 1628 374 1669 in
408 1628 596 1670 editione
629 1628 794 1669 minore
832 1642 960 1682 quam
990 1640 1298 1682 praeparamus
1332 1624 1561 1680 diligenter
1593 1637 1689 1664 con-

160 1700 332 1741 suletur.
407 1699 530 1742 Nunc
568 1700 819 1754 plerumque
866 1699 971 1740 satis
1010 1697 1160 1752 habui,
1205 1713 1229 1739 a
1267 1697 1394 1738 certis
1433 1693 1690 1750 quibusdam

157 1771 284 1812 rebus
312 1771 348 1812 si
376 1770 641 1826 discesseris,
669 1770 851 1826 singulis
879 1770 983 1811 locis
1010 1770 1196 1811 rariores
1222 1769 1431 1810 librorum
1458 1766 1689 1820 scripturas

159 1842 377 1897 exhibere,
417 1842 489 1884 sed
521 1845 570 1884 ut
600 1857 654 1883 ne
687 1842 938 1884 usitatiores
973 1841 1144 1896 quidem
1176 1840 1452 1895 expellerem,
1486 1837 1561 1878 ubi
1593 1850 1690 1878 con-

159 1928 285 1956 sensu
318 1914 509 1956 codicum
544 1913 809 1955 fulcirentur.

277 1980 447 2039 Restat,
491 1987 540 2026 ut
585 1984 739 2027 addam
784 1999 891 2039 quae
930 1983 1028 2025 dum
1068 1983 1271 2038 plagulae
1313 1981 1604 2035 corriguntur,
1650 1981 1692 2019 et

158 2057 450 2099 Fridericus
496 2054 701 2098 Schoell
748 2058 790 2098 et
830 2055 1051 2097 Oscarus
1091 2053 1340 2109 Seyffert,
1386 2052 1457 2108 qui
1500 2066 1554 2092 110
1592 2050 1691 2091 111110

158 2128 329 2183 quidem
370 2127 542 2169 fabulae
583 2128 819 2169 salutarem
859 2141 980 2169 suam
1028 2140 1202 2180 operam
1247 2124 1539 2179 denegabant,
1584 2121 1690 2162 mihi

160 2199 541 2254 suppeditaverunt
570 2199 638 2241 vel
671 2213 780 2254 quae
813 2199 862 2240 de
895 2213 989 2239 meo
1024 2197 1189 2239 adicere
1222 2196 1361 2238 visum
1395 2196 1471 2236 est.

279 2271 346 2313 82.
374 2270 671 2312 ‘abducturust
697 2285 751 2311 m.
772 2284 864 2312 cras
889 2293 938 2298 —
965 2284 1069 2311 cras.
1096 2266 1174 2310 ΡΞ.
1206 2265 1343 2308 Eheu'
1367 2265 1613 2321 Seyffertus.
1638 2289 1686 2292 —

162 2342 258 2384 151.
280 2342 461 2397 ‘Nempe
484 2366 536 2370 —
559 2342 621 2383 ita
647 2342 827 2383 animati
854 2341 956 2382 estis
983 2364 1038 2369 -
1067 2337 1253 2381 uincitis'
1276 2338 1371 2379 coll.
1392 2337 1520 2378 Poen.
1548 2352 1583 2378 v.
1605 2336 1690 2377 323

159 2414 284 2455 idem.
309 2437 358 2443 —
385 2413 481 2455 169.
502 2411 723 2468 ‘quidquid
744 2411 837 2453 erit'
860 2411 1113 2453 Schoellius.
1137 2434 1186 2439 -
1210 2409 1310 2451 201.
1331 2407 1607 2449 Ambrosiani
1629 2420 1690 2447 re-

163 2485 405 2526 censionem
429 2484 479 2525 ad
501 2487 668 2526 staurus
688 2486 882 2539 spectare
904 2483 1072 2524 monuit
1092 2480 1340 2535 Seyffertus.
1368 2503 1423 2509 —-
1451 2478 1549 2520 205.
1576 2477 1690 2519 Num

164 2558 278 2598 recte
311 2555 645 2597 Ambrosianum
685 2557 856 2597 secutus
890 2554 989 2607 sim,
1028 2567 1140 2595 nunc
1171 2552 1263 2607 ipse
1296 2551 1463 2592 dubito:
1502 2549 1691 2603 reliquos

164 2627 299 2669 libros
339 2627 411 2682 qui
451 2627 569 2682 sequi
607 2627 757 2678 malet,
801 2627 943 2667 locum
983 2626 1042 2667 sic
1079 2624 1239 2678 poterit
1278 2622 1564 2664 conformare:
1610 2618 1690 2660 Sed

164 2697 345 2740 nimium
379 2699 558 2753 stultus,
589 2697 715 2739 nimis
748 2698 809 2739 fui
839 2697 852 2751 ΙΙ
881 2697 1103 2739 Indoctus:
1136 2695 1257 2737 illine
1290 2693 1476 2735 audeant
1506 2691 1518 2744 ΙΙ
1548 2690 1595 2730 Id
1629 2690 1690 2730 fai-

165 2785 276 2826 cere,
302 2770 454 2825 quibus
481 2772 529 2812 ut
550 2769 741 2812 seruiant
764 2769 776 2823 ΙΙ
803 2768 912 2811 Suos
933 2769 1053 2810 amor
1074 2765 1219 2822 cogit?
1244 2766 1256 2819 ΙΙ
1282 2764 1393 2818 Vah,
1413 2761 1522 2803 taice'
1545 2776 1577 2802 c.
1600 2776 1637 2815 q.
1659 2775 1689 2801 s.

260 2942 293 2985 ²³²)
333 2940 386 2976 Cf.
422 2940 555 2986 Opusc.
588 2938 680 2984 phil.
712 2939 784 2974 vol.
811 2938 844 2973 II
878 2951 913 2984 p.
940 2943 1025 2982 259,
1064 2937 1128 2972 ubi
1160 2935 1205 2969 de
1237 2934 1395 2969 traiecta
1434 2943 1498 2976 per
1530 2942 1688 2966 errorem

167 3004 256 3029 voce
281 2993 381 3029 idem
406 2993 548 3038 cogitat
574 2995 621 3037 (v.
648 2995 741 3038 871).
