1946 3344
786 262 1060 298 PRAEFATIO
1626 263 1693 300 VII

171 372 269 413 441.
302 371 402 412 442.
435 371 538 412 212:
571 371 682 413 haud
718 372 893 426 paulum
925 372 968 412 in
1003 371 1204 413 inferiore
1237 375 1359 426 parte
1392 388 1430 427 p.
1458 373 1556 416 391.
1589 374 1694 415 392:

172 443 394 497 aliquanto
426 442 524 497 plus
556 442 601 482 in
632 442 836 483 inferiore
869 458 907 496 p.
927 443 1027 484 409.
1059 443 1156 484 410.
1190 443 1288 486 415.
1319 445 1426 486 416:
1458 445 1693 498 plurimum

149 513 214 554 rin
245 528 284 567 p.
315 514 415 567 402,
448 527 556 567 quae
590 513 780 554 omnium
813 513 1093 568 integerrima
1125 515 1297 556 mansit.

316 582 414 625 Non
454 584 695 625 minoribus
737 583 1065 626 difficultatibus
1108 585 1338 627 laborabat
1378 586 1574 628 Loewius
1619 589 1693 629 ubi

166 657 333 709 partem
365 655 519 708 harum
551 655 810 710 paginarum
842 656 1055 709 potiorem
1097 659 1295 698 accurata
1326 658 1507 699 lectione
1540 662 1694 700 retrac-

166 727 306 768 tabat:
333 726 435 780 quin
461 726 593 767 immo
623 741 674 767 ex
701 741 750 768 eo
776 733 971 782 tempore
999 742 1083 782 quo
1104 727 1366 769 Ritschelius
1392 729 1557 783 legerat
1583 745 1694 771 nova

167 797 396 839 accessisse
436 797 694 839 detrimenta
735 800 777 839 et
818 812 894 852 per
932 812 976 839 se
1016 802 1348 840 consentaneum
1393 803 1486 841 erat
1518 804 1560 841 et
1591 816 1693 842 non-

166 868 298 909 nullis
331 868 438 910 locis
471 868 756 910 demonstrari
782 872 965 923 poterat.
1026 868 1176 911 Nihilo
1211 871 1351 911 minus
1384 885 1467 925 qua
1499 871 1579 912 fuit
1611 872 1691 913 sol—

167 940 292 981 lertia
334 954 421 982 non
467 940 739 981 mediocriter
777 940 896 981 auxit
940 940 1221 995 provexitque
1263 941 1505 983 lectionem.
1568 942 1692 983 Illius

167 1015 312 1052 autem
339 1010 420 1051 fide
447 1011 646 1051 nituntur
673 1025 950 1065 quaecunque
978 1011 1027 1051 de
1060 1011 1230 1065 paginis
1257 1012 1341 1053 427
1354 1012 1393 1066 b,
1425 1013 1560 1054 4281).
1593 1014 1692 1067 439,

164 1082 264 1123 440.
290 1081 389 1132 409,
415 1081 513 1123 410.
539 1081 639 1135 415,
664 1082 763 1123 416.
790 1082 888 1135 441,
913 1081 1013 1122 442.
1042 1082 1141 1135 391,
1174 1082 1271 1123 392.
1297 1084 1396 1137 401,
1429 1084 1516 1124 402
1543 1086 1691 1125 testati

163 1167 309 1194 sumus
352 1151 408 1208 (v.
448 1152 636 1194 57—91.
692 1153 935 1195 159—302.
986 1154 1233 1195 446—482.
1281 1154 1557 1210 561-594),
1607 1157 1691 1197 11131

165 1223 280 1277 quod
313 1226 547 1264 extremam
579 1224 785 1279 paginam
827 1239 923 1266 cum
955 1223 1116 1266 Loewii
1157 1226 1386 1280 descriptio
1428 1227 1690 1280 aliquamdiu

163 1295 339 1336 latuerit
359 1295 450 1350 ipse
472 1309 642 1349 quoque
669 1295 941 1350 pertractavi.
1004 1295 1155 1350 Itaque
1182 1296 1288 1338 mihi
1316 1297 1534 1339 addendae
1568 1302 1689 1339 erant

163 1366 346 1421 paginae
378 1367 484 1420 423,
515 1366 614 1407 424.
646 1367 753 1421 429,
785 1367 883 1409 430.
915 1368 1021 1418 411,
1062 1368 1161 1409 412.
1193 1368 1298 1418 413,
1330 1369 1429 1409 414.
1462 1370 1559 1421 455,
1592 1371 1693 1412 4513.

159 1436 259 1487 457,
291 1437 390 1479 458.
423 1438 522 1491 211,
554 1438 641 1479 212
676 1436 732 1493 (v.
766 1438 983 1480 92-125,
1017 1438 1263 1479 341-373.
1295 1439 1542 1481 483-560.
1579 1442 1689 1481 101ῖ

161 1508 347 1549 -1065,
390 1506 725 1564 1132-1162),
764 1509 809 1549 in
848 1509 1003 1563 quibus
1042 1510 1203 1563 partim
1241 1510 1380 1564 prima
1419 1511 1589 1565 legendi
1623 1526 1691 1552 ex-

162 1580 403 1634 perimenta
442 1578 526 1620 feci
567 1594 602 1620 a.
664 1578 1090 1634 MDCCCLXXXV,
1136 1581 1221 1621 alia
1263 1584 1335 1622 aut
1377 1583 1575 1636 supplevi
1618 1589 1692 1624 aut

162 1650 326 1691 correxi
354 1665 389 1692 a.
421 1649 904 1692 MDCCCLXXXVIH.
968 1650 1128 1700 Quodsi
1156 1652 1292 1693 multo
1325 1653 1521 1708 pleniora
1554 1657 1596 1695 et
1629 1669 1693 1695 ac-

160 1722 376 1763 curatiora
417 1722 670 1764 testimonia
713 1722 763 1764 de
796 1724 837 1764 A
875 1723 961 1764 iam
1004 1723 1195 1764 exhiberi
1233 1727 1436 1778 poterant
1477 1739 1603 1779 quam
1648 1726 1689 1767 in

160 1793 403 1847 proecdosi,
454 1808 540 1834 non
585 1793 811 1835 miraberis
857 1794 924 1835 vel
971 1794 1033 1835 sic
1070 1795 1207 1836 multa
1251 1795 1496 1837 desiderari.
1561 1795 1691 1838 Velut

161 1864 212 1905 de
255 1864 407 1918 spatiis
447 1879 595 1906 eorum
639 1879 858 1919 versuum,
904 1879 1086 1919 quorum
1125 1880 1213 1906 non
1260 1866 1344 1907 nisi
1384 1867 1580 1922 singulae
1622 1868 1689 1909 lit-

160 1938 278 1976 terae
317 1935 405 1990 legi
442 1938 666 1990 poterant,
712 1951 980 1991 nequaquam
1029 1939 1276 1978 constanter
1307 1937 1484 1979 iudicari
1518 1941 1691 1993 poterat

161 2006 289 2048 modo
335 2012 514 2062 propter
561 2008 909 2049 membranarum
951 2007 1153 2049 miseram
1205 2008 1521 2062 condicionem,
1563 2010 1689 2051 modo

160 2080 335 2132 propter
372 2077 566 2131 ipsorum
605 2093 806 2120 versuum
839 2078 1062 2130 rationem,
1095 2079 1261 2121 variam
1295 2080 1553 2134 scripturam
1586 2081 1690 2121 reci—

160 2147 382 2203 pientium,
414 2148 542 2191 modo
573 2153 750 2205 propter
776 2145 983 2191 metiendi
1016 2150 1272 2205 molestiam,
1305 2152 1371 2192 cui
1404 2154 1574 2205 tempus
1602 2167 1687 2193 non

162 2218 390 2261 sufficeret.

279 2290 540 2332 Ritschelius
573 2306 674 2333 vero
708 2291 814 2333 haec
847 2292 1131 2347 adiungebat:

281 2360 487 2416 ePaginae
514 2362 600 2402 212
634 2361 740 2403 haec
767 2363 929 2417 species
965 2367 1030 2403 est
1063 2365 1162 2417 post
1194 2363 1388 2405 undecim
1423 2380 1570 2407 vorsus
1604 2366 1688 2419 pri-

164 2445 257 2472 mos
292 2432 452 2473 exitum
484 2431 657 2473 fabulae
690 2433 958 2487 complexos:

287 2503 337 2543 12

286 2573 338 2614 13

285 2645 338 2684 14
359 2677 486 2685 .....
507 2643 583 2685 TA

285 2715 338 2756 15

286 2788 337 2827 16
361 2820 491 2827 .....
516 2786 873 2829 MENAECIIMI
903 2813 957 2817 —
981 2813 1033 2817 ———
1058 2814 1098 2817 -ν
1136 2814 1175 2817 —
1218 2788 1530 2830 'l'RlNUMMU
1564 2813 1569 2819 -

285 2858 334 2897 17

285 2928 336 2969 18
839 2929 1146 2970 FELHtITEn

286 2999 338 3038 19
