1946 3344
812 246 1082 283 PRAEFATIO
1667 250 1716 284 IX

190 370 341 397 scenae
373 354 412 409 Ι,
444 356 470 397 3
503 355 828 411 inscriptionem
867 357 971 399 item
1012 371 1098 398 uno
1138 356 1269 398 fuisse
1302 371 1427 398 versu
1469 358 1712 400 conclusam

191 426 435 481 credideris,
466 441 552 468 non
587 430 799 482 repugnat
831 430 945 468 certe
976 428 1142 483 reliqua
1175 428 1368 470 condicio
1402 429 1585 484 paginae
1617 430 1716 471 440.

162 496 240 538 ,111
279 512 363 552 qua
402 511 646 551 quanquam
688 496 822 538 videri
861 500 1045 552 possunt
1083 498 1323 553 quindecim
1365 501 1534 541 tantum
1568 515 1715 543 versus

188 569 338 623 scripti
365 583 470 623 esse,
504 568 575 622 qui
609 569 710 608 sunt
744 582 894 610 scenae
921 568 954 622 Ι,
981 569 1007 610 2
1041 572 1245 623 quattuor
1277 570 1457 610 extremi
1490 585 1586 612 cum
1618 587 1714 626 pro-

188 639 329 680 ximae
361 639 559 680 undecim
591 638 762 692 primis,
796 652 817 679 e
850 638 1004 693 quibus
1036 654 1145 680 unus
1181 640 1264 681 192
1296 655 1373 694 per
1405 641 1585 683 duorum
1619 657 1713 696 spa-

186 710 296 751 tium
325 710 542 764 dispestus
571 709 790 764 apparuit:
823 712 981 763 tamen,
1009 710 1179 751 etiamsi
1204 710 1467 765 reliquorum
1494 715 1715 767 quattuor-

186 781 322 823 decim
367 782 512 822 nullus
545 780 775 835 bipertitus
807 780 956 832 fuerit,
999 781 1107 822 1111111
1139 781 1320 836 impedit
1352 784 1581 836 quominus
1614 788 1715 838 post

187 867 222 893 v.
259 853 343 894 182
374 867 463 894 non
495 867 628 905 unus,
661 851 735 893 sed
768 851 851 892 duo
884 851 1152 893 intercidisse
1186 855 1404 906 putentur.
1430 879 1485 883 —
1512 880 1567 883 —
1596 854 1713 910 —*).

189 923 250 964 De
277 937 406 965 scena
433 926 576 965 autem
603 922 678 976 IV,
701 924 722 964 1
759 922 871 977 quod
899 922 987 963 dixi
1012 922 1123 964 nihil
1150 922 1315 964 definiri
1348 939 1486 978 posse,
1518 926 1560 966 id
1594 941 1713 968 caus-

187 1010 277 1035 sam
310 994 421 1036 hanc
453 995 586 1036 habet
618 994 731 1048 quod
763 994 831 1034 vel
864 993 956 1035 sine
989 994 1078 1035 ulla
1104 995 1384 1049 inscriptione
1417 1010 1441 1036 a
1473 1011 1509 1037 v.
1542 997 1625 1039 541
1662 998 1713 1039 ad

185 1066 272 1107 560
303 1065 430 1107 hodie
463 1068 745 1107 numerantur
777 1065 933 1119 viginti
965 1063 1208 1121 versus'“'⁵‘):
1240 1068 1300 1120 ut,
1333 1067 1370 1107 si
1404 1082 1534 1108 unum
1568 1069 1714 1110 inscri—

185 1136 323 1190 ptioni
361 1137 586 1191 tribueris,
625 1136 791 1178 duobus
831 1136 1022 1178 caruisse
1062 1137 1340 1178 Ambrosiani
1380 1139 1584 1194 paginam
1626 1141 1712 1181 414

184 1212 390 1262 appareat
437 1223 544 1262 quos
591 1207 806 1250 servarint
850 1207 1050 1249 Palatini.
1119 1207 1372 1263 Quanquam
1417 1209 1499 1252 hoc
1541 1211 1711 1264 quidem

183 1279 267 1320 soli
300 1280 417 1321 casui
444 1279 724 1321 tribuendum
750 1281 828 1333 est,
859 1293 938 1320 nec
970 1279 1248 1333 cogitandum
1281 1280 1331 1321 de
1363 1281 1712 1336 interpolatione,

180 1349 300 1392 cuius
334 1351 522 1405 suspicio
555 1351 601 1392 in
634 1351 808 1392 illorum
841 1365 1042 1392 versuum
1073 1351 1241 1392 nullum
1273 1351 1414 1394 cadit?

300 1421 484 1463 ‘Nomen
523 1421 697 1463 fabulae
736 1436 832 1463 cum
877 1422 1177 1463 acrostichidis
1224 1424 1410 1477 scriptor
1448 1439 1523 1479 per
1565 1425 1710 1466 decem

181 1492 351 1534 litteras
395 1496 611 1535 enarravit
651 1507 758 1548 quae
798 1494 898 1534 sunt
941 1491 1361 1548 MENAECHMEI,
1407 1496 1709 1549 antiquitatem

182 1578 311 1617 quam
344 1564 449 1605 alibi
482 1564 654 1606 affectat
694 1562 1006 1619 servavit***):
1046 1568 1173 1619 atque
1215 1566 1421 1607 notabilis
1455 1569 1521 1607 est
1553 1567 1596 1608 in
1629 1568 1709 1608 hac

178 1705 374 1748 praeterea
394 1704 488 1739 nihil
509 1705 636 1741 deesse
657 1706 742 1750 post
768 1718 802 1740 v.
825 1708 903 1749 182,
931 1706 1061 1740 contra
1085 1715 1222 1740 novum
1249 1706 1426 1742 accedere
1452 1718 1598 1742 versum
1624 1710 1709 1752 post

180 1771 214 1793 v.
245 1761 310 1792 179
337 1758 536 1793 intellexit.

299 1811 333 1856 ²³)
360 1810 412 1846 Cf.
442 1811 600 1857 append.
631 1812 677 1846 ad
703 1824 737 1846 v.
769 1815 832 1846 182
847 1824 927 1856 sqq.

297 1864 352 1909 **)
380 1863 428 1899 Et
454 1876 476 1899 a
500 1877 534 1900 v.
561 1865 709 1900 demum
736 1868 804 1900 542
838 1865 1001 1909 incipere
1034 1865 1212 1911 paginam
1248 1866 1327 1901 vidi
1359 1868 1396 1901 et
1421 1879 1536 1901 unum
1562 1878 1708 1902 versum

180 1928 312 1953 vacare
337 1918 573 1963 inscriptioni
606 1920 645 1953 et
674 1929 741 1963 pro
774 1917 942 1953 versibus
969 1921 1158 1953 545—550
1186 1919 1348 1962 quinque
1381 1922 1527 1954 tantum
1554 1923 1708 1963 exstare,

178 1973 220 2005 ut
254 1983 397 2006 summa
435 1982 518 2006 cum
556 1971 823 2016 probabilitate
863 1971 909 2005 de
947 1972 1115 2006 versibus
1156 1975 1223 2006 547
1240 1984 1292 2016 sq.
1357 1973 1459 2017 <Non
1487 2003 1492 2009 .
1516 2002 1523 2009 .
1546 2002 1553 2009 .
1575 2003 1582 2010 .
1610 1976 1709 2018 clato,

179 2024 281 2059 Num
301 2052 308 2058 .
331 2051 338 2058 .
361 2052 368 2060 .
391 2052 399 2059 .
420 2025 546 2069 dicito)
583 2026 737 2070 propter
775 2026 966 2060 externam
1003 2025 1286 2060 similitudinem
1319 2027 1519 2062 contractis
1554 2027 1705 2073 cogites,

180 2088 265 2112 cum
298 2077 454 2113 eandem
489 2077 536 2112 ob
563 2089 713 2114 causam
744 2079 782 2114 in
808 2078 1055 2124 praecedente
1081 2079 1221 2123 pagina
1248 2091 1279 2115 v.
1307 2083 1374 2114 537
1402 2081 1574 2116 videatur
1600 2082 1706 2117 omis-

176 2142 237 2165 sus
264 2141 354 2166 esse.

295 2186 372 2230 ***)
404 2185 541 2221 Mirum
578 2197 697 2230 nuper
734 2185 913 2221 iudicium
949 2186 1040 2221 tulit
1074 2187 1113 2220 L.
1148 2186 1350 2222 Muellerus
1389 2200 1472 2222 cum
1507 2189 1545 2223 in
1582 2189 1706 2224 Indice

178 2237 351 2273 Noniano
378 2238 558 2273 scriberet
577 2250 613 2282 p.
635 2242 704 2273 382
720 2249 795 2282 sq.:
826 2238 1087 2274 “Menechmis
1109 2240 1218 2275 scribi
1244 2241 1422 2285 oportuit,
1449 2253 1515 2286 per
1542 2243 1606 2286 ‘e’,
1633 2254 1705 2277 non

174 2291 271 2326 sicut
289 2291 444 2334 factum,
470 2302 537 2336 per
565 2291 652 2326 ‘ae’.
686 2302 774 2326 sane
795 2293 1013 2328 acrostichis
1033 2293 1183 2328 fabulae
1204 2294 1355 2328 exhibet
1375 2295 1467 2329 illud
1493 2296 1702 2330 ‘Menaech-

175 2343 278 2387 mei',
305 2355 388 2379 cum
409 2343 555 2379 codices
576 2344 701 2379 Plauti
722 2345 882 2380 multum
904 2346 1058 2381 varient.
1109 2347 1236 2391 itaque
1263 2348 1491 2383 Ritschelins
1519 2350 1705 2393 inscripsit

178 2397 487 2431 ‘Menaechmos'.
537 2398 577 2432 at
609 2398 707 2441 apud
734 2397 895 2433 Nonium
923 2398 967 2442 L,
995 2399 1048 2443 H,
1076 2399 1107 2434 G
1132 2412 1313 2444 nusquam
1341 2401 1614 2447 diphthongum
1642 2405 1701 2447 (cf.

179 2461 308 2485 comm.
337 2450 373 2484 in
403 2455 432 2493 1,
461 2451 513 2494 8);
548 2462 657 2494 quem
684 2462 730 2484 ne
757 2452 794 2486 in
822 2451 1091 2497 Bambergensi
1117 2454 1267 2498 quidem
1293 2455 1388 2490 libro
1415 2458 1479 2490 aut
1504 2457 1542 2489 in
1568 2456 1699 2490 Helve-

176 2502 261 2537 ticis
286 2502 448 2538 inveniri
473 2503 638 2538 memini.
660 2508 716 2546 24,
740 2508 782 2539 18
799 2505 836 2549 L¹
867 2505 1159 2549 ‘Menechimis’3
1187 2507 1225 2541 cf
1259 2509 1296 2541 et
1321 2518 1452 2542 comm.
1480 2509 1517 2543 in
1544 2514 1622 2544 338,
1648 2514 1700 2544 14.

180 2560 232 2590 15.
261 2556 325 2590 sed
357 2557 456 2591 recte
489 2568 510 2590 a
543 2556 747 2592 Ritschelio
781 2558 913 2602 Opusc.
946 2559 996 2602 ΙΙ,
1030 2563 1095 2593 521
1126 2560 1221 2605 [500.
1251 2563 1329 2594 502.
1358 2561 1443 2606 506]
1470 2561 1699 2605 improbatur

175 2609 471 2653 tetrasyllabum.
522 2620 608 2643 nam
644 2621 727 2644 cum
765 2611 906 2646 ‘—imus'
944 2611 1203 2655 antiquissimo
1237 2616 1403 2658 tempore
1439 2625 1510 2647 non
1538 2614 1701 2648 efficeret

175 2661 366 2696 nominum
395 2662 554 2706 finalem,
581 2673 644 2696 cur
671 2663 884 2707 epenthesis
910 2665 1014 2700 fieret
1041 2667 1078 2700 111
1104 2666 1266 2701 talibus?
1297 2668 1419 2700 ortum
1446 2678 1531 2700 vero
1561 2666 1697 2700 ‘Mene—

175 2713 323 2749 chimis’
360 2726 403 2749 ex
436 2725 479 2750 eo
511 2714 610 2759 quod
643 2715 799 2751 subinde
830 2717 867 2751 in
900 2717 1004 2752 libris
1037 2719 1185 2764 scriptis
1214 2720 1270 2754 vel
1298 2719 1485 2763 impressis
1513 2719 1699 2753 invenitur

175 2767 448 2803 ‘Menechinis'.
501 2767 744 2803 ‘Menecmus’
775 2771 816 2803 ut
843 2769 1120 2806 ‘Clutemestra⁷
1149 2772 1273 2806 Plauti
1309 2771 1457 2815 quidem
1484 2774 1607 2805 aetate
1634 2784 1697 2805 seu

175 2820 441 2856 ‘Menecrnum’
470 2833 533 2856 seu
570 2822 693 2866 potius
730 2824 998 2870 ‘Menegmum’
1028 2825 1140 2869 vulgo
1174 2825 1450 2869 pronuntiatum
1478 2825 1697 2859 existiino'’.

173 2875 221 2908 At
256 2885 299 2909 ex
336 2875 448 2909 Nonii
485 2875 590 2909 libris
626 2876 753 2919 quales
789 2877 968 2913 habemus
1003 2879 1040 2913 in
1071 2879 1120 2912 ‘e’
1157 2878 1215 2912 vel
1249 2878 1298 2923 ‘e’
1333 2877 1540 2911 exhibendo
1574 2890 1617 2911 116
1651 2879 1695 2912 de

172 2927 285 2961 Nonii
312 2928 463 2972 quidem
492 2929 688 2972 scriptura,
716 2931 851 2965 nedum
879 2932 922 2966 de
952 2932 1093 2974 Plauti,
1122 2930 1212 2965 satis
1239 2933 1379 2964 certum
1406 2929 1581 2964 iudiciuin
1612 2931 1695 2965 ferri

170 2982 303 3024 potest.
357 2982 438 3022 Qua
458 2983 494 3016 in
517 2993 556 3015 re
578 2983 694 3017 inulto
715 2985 864 3027 gravius
886 2987 942 3019 est
967 2984 1174 3028 argumenti
1204 2983 1399 3017 acrostichi
1428 2983 1695 3018 testiinonium.
