1946 3344
269 231 352 272 146
910 229 1157 264 APPENDIX
1534 238 1538 241 Δ
1613 234 1675 264 161
1685 233 1796 265 —189

268 352 378 384 neque
403 341 511 383 facile
537 339 794 383 interpolatum
819 338 969 372 inclusit
991 337 1254 373 Fleckeisenus.
1289 337 1343 381 Cf.
1369 338 1420 373 sis
1443 338 1729 384 Ostermayerum
1754 340 1797 374 de

267 395 348 428 bist.
375 395 448 437 fab.
476 395 517 428 in
543 404 628 428 com.
656 393 712 426 Pl.
740 392 792 426 ed.
817 391 955 435 Gryplt.
982 402 1014 425 a.
1043 394 1139 426 1884
1161 403 1198 436 p.
1225 394 1281 426 47.

366 453 444 483 166.
474 447 528 490 Cf.
558 446 761 480 Muellerus
789 444 972 478 ‘Nachtrf
995 456 1034 488 p.
1063 448 1143 479 104.
1193 456 1349 489 usquam
1375 445 1448 480 illis
1476 457 1554 480 esse
1579 445 1705 490 potuit
1723 446 1795 492 Py-

270 503 379 543 lades,
405 503 445 535 in
471 511 540 546 quo
566 500 698 543 ineptit
723 498 918 533 Acidalius
944 498 1029 532 Dtv.
1051 509 1090 542 p.
1111 501 1193 533 436.
1239 501 1365 543 Aeque
1391 511 1425 543 g.
1447 511 1648 543 numquam
1674 499 1797 543 potuit

342 582 348 588 .
379 583 384 588 .
413 555 466 588 rel
498 563 700 597 numquam
734 551 833 586 ullus
866 552 1030 596 potuerit
1061 552 1241 586 Bartleius
1273 553 1294 587 l.
1321 563 1347 586 s.
1374 564 1400 587 s.
1469 564 1624 596 usquam
1664 553 1796 587 melius

268 608 391 653 potuit:
416 608 574 642 Pistoris
606 607 727 651 (etiarn
753 606 795 640 de
821 616 924 639 versu
944 606 1116 649 prosumo
1147 607 1355 641 subiciendo
1381 607 1577 650 coyitans),
1609 607 1677 641 alii
1708 607 1794 641 alia.

275 663 315 697 V.
345 662 409 696 del.
442 660 604 695 Guietus.
657 659 792 694 rectius
819 659 926 693 etiam
951 659 1151 694 Bentleius.
1205 660 1259 702 Cf.
1282 660 1402 704 praef.

370 717 446 749 168.
474 713 726 748 deuitauerint
751 724 829 748 cum
859 712 1002 757 Pylade
1027 723 1153 748 omnes.

368 772 433 803 169
445 779 515 812 sqq.
544 767 643 801 unda
670 766 780 801 eiecit
812 767 974 802 Guietus.
1024 765 1105 809 hei,
1132 765 1242 801 eiecit
1267 766 1433 801 Bothius.
1485 766 1729 810 periculumsiz
1753 778 1796 802 ne

269 823 447 857 traditum
473 822 615 866 quidem
635 821 704 863 def.
727 820 938 865 Spenyelius
963 820 1000 854 T.
1022 819 1076 853 M.
1097 819 1138 855 P.
1155 831 1194 864 p.
1216 822 1295 854 181.
1343 819 1492 854 Versum
1512 820 1649 855 delebat
1670 819 1797 856 Fleck-

269 877 426 919 assuas,
451 876 504 910 vel
530 875 572 909 ob
599 875 755 909 alteram
781 874 885 907 illam
908 876 950 916 (v.
970 876 1051 917 172)
1077 874 1334 916 necessarium,
1359 874 1412 908 sic
1436 873 1577 917 reliqua
1603 874 1799 909 ordinans:

272 933 348 964 171.
380 932 455 963 170.
486 931 562 962 175.
593 931 670 962 173.
701 931 777 962 174.
814 930 892 961 172.
930 931 1013 961 176:
1045 928 1209 962 dissolvit
1240 938 1330 972 quae
1362 930 1492 971 optime
1524 928 1798 972 coniunfsuntur

271 983 380 1017 eiecit
418 983 584 1016 alteram.
637 983 687 1015 At
718 981 756 1014 in
787 979 924 1014 uadost
955 984 987 1015 et
1019 981 1092 1015 iam
1126 982 1164 1015 in
1196 982 1351 1016 litorest.
1411 981 1483 1015 Sed
1516 981 1797 1016 dextrouorsum

268 1047 379 1080 neque
416 1039 507 1070 recte
538 1035 719 1079 eaepedivit
757 1034 852 1078 quod
883 1035 993 1069 sensit
1025 1036 1217 1069 conciliari
1248 1046 1322 1069 non
1351 1045 1453 1079 posse
1484 1034 1645 1068 Desiluit,
1671 1063 1678 1070 .
1708 1063 1714 1069 .
1744 1063 1750 1069 .
1778 1046 1798 1069 e

270 1090 409 1134 scapha
435 1092 466 1123 ct
493 1088 611 1122 eiecit.
666 1089 783 1131 Atque
808 1087 969 1122 diversas
995 1088 1252 1132 descriptiones
1276 1099 1446 1132 separare
1471 1088 1635 1123 debemus
1659 1088 1797 1132 simpli-

269 1144 356 1177 citer
383 1143 461 1184 (ubi
486 1144 579 1176 inter
606 1142 683 1175 alia
709 1140 812 1175 salua
837 1152 895 1175 res
924 1158 967 1168 =
995 1141 1137 1176 saluast
1161 1143 1335 1186 repetitur
1360 1146 1401 1176 ut
1426 1143 1467 1176 in
1485 1143 1669 1187 superiore
1689 1142 1797 1176 ditto-

267 1197 425 1240 {Jrapbia
450 1195 624 1239 meliust).
672 1195 804 1229 Omnia
830 1195 887 1239 (esc
913 1194 1140 1230 Fleelseiseni
1166 1196 1306 1239 ordine)
1331 1196 1483 1230 retinere
1507 1196 1627 1230 studet
1652 1195 1795 1238 Larme-

267 1261 336 1284 nus
363 1251 384 1284 l.
411 1261 437 1284 s.
463 1261 489 1284 s.
512 1261 551 1293 p.
580 1251 708 1293 367sq.
745 1248 805 1292 (cf.
835 1260 874 1292 p.
901 1252 1003 1292 208).
1062 1249 1102 1283 V.
1133 1252 1199 1283 169
1215 1260 1263 1294 sq.
1298 1249 1476 1292 ‘spuriam
1510 1249 1794 1284 circumlocutio-

268 1303 362 1337 nem’
392 1304 495 1337 habet
533 1303 731 1346 l'ssinyius.
778 1301 819 1335 V.
844 1305 909 1335 172
931 1305 1015 1346 post
1040 1313 1070 1336 v.
1094 1305 1161 1335 174
1187 1302 1271 1335 trai.
1294 1301 1534 1335 Hermannus
1558 1312 1588 1336 v.
1613 1305 1679 1336 173
1705 1301 1798 1335 haec

267 1357 355 1391 item
383 1368 474 1392 corr.
527 1356 567 1389 V.
597 1359 662 1389 169
690 1356 847 1390 alteram
873 1355 983 1389 eiecit
1009 1355 1148 1399 scapha
1173 1355 1362 1389 Lomanus
1387 1365 1477 1398 spec.
1500 1365 1538 1399 p.
1569 1358 1626 1389 6²0.

366 1414 442 1445 170.
469 1410 542 1443 iam
571 1409 680 1444 facile
708 1408 834 1443 euadit,
859 1408 1086 1443 Dissaldeus.
1125 1428 1166 1433 --
1204 1419 1296 1452 euge
1322 1408 1404 1441 tace
1432 1407 1648 1442 Saracenas.
1702 1417 1795 1452 euge

267 1476 340 1509 pax
366 1464 533 1509 Pylades.

367 1521 443 1552 172.
470 1518 621 1552 horsum
647 1515 677 1550 si
705 1516 876 1560 capessit,
903 1514 1009 1549 salua
1033 1516 1109 1549 rest
1135 1514 1405 1556 Fleckeisenus,
1438 1515 1503 1548 ubi
1527 1524 1585 1548 res
1610 1514 1733 1548 relicto
1759 1525 1797 1548 se

268 1575 359 1606 recte
385 1571 591 1614 defenditur
618 1583 641 1605 a
666 1570 831 1605 Bentleio
859 1570 907 1603 ad
937 1569 1013 1603 Ter.
1041 1568 1140 1603 Eun.
1171 1569 1225 1602 II
1244 1572 1282 1610 2,
1308 1570 1366 1602 37.
1414 1566 1466 1610 Cf.
1494 1571 1614 1602 tamen
1637 1567 1798 1601 Brioeius

266 1626 305 1659 in
326 1635 452 1670 progr.
480 1637 512 1660 a.
542 1627 638 1659 1554
663 1625 714 1659 ed.
737 1635 775 1668 p.
804 1626 835 1658 5.

363 1681 440 1712 174.
468 1677 630 1721 ingenuo
658 1677 696 1711 in
721 1676 829 1711 undis
856 1675 1022 1712 BotliiuS.

365 1736 429 1767 177
444 1742 492 1776 sq.
532 1732 589 1766 De
627 1731 723 1765 Hem
754 1734 857 1766 extra
889 1741 1028 1765 versum
1054 1730 1175 1774 posito
1207 1732 1335 1764 contra
1366 1728 1558 1763 Hirthium
1596 1730 1639 1764 de
1675 1729 1796 1764 interi.
1841 1733 1847 1737 ’

266 1797 336 1821 usu
362 1786 419 1820 Pl.
451 1785 529 1819 Ter.
555 1785 621 1829 (ed.
650 1785 838 1819 Rostoehii
863 1796 895 1819 a.
917 1786 1029 1827 1869)
1055 1783 1259 1818 Lorenzius
1284 1783 1449 1826 disputat
1477 1782 1591 1817 ‘Phil
1618 1783 1714 1817 ane.2
1743 1783 1799 1816 II

261 1851 300 1884 p.
328 1843 416 1875 292.
474 1839 541 1873 Em
574 1842 665 1873 recte
689 1839 721 1873 h.
751 1839 772 1872 l.
804 1838 939 1882 sprevit
965 1837 1183 1872 Ribbeckius
1216 1837 1257 1871 de
1287 1836 1418 1880 partic.
1447 1847 1485 1879 p.
1515 1838 1559 1870 31
1588 1835 1633 1871 ab
1660 1834 1798 1870 errabit

264 1893 392 1935 futuro
418 1892 586 1926 alienum.
615 1911 658 1915 —
687 1890 782 1933 Quid
808 1890 921 1924 refert
947 1890 1112 1925 Botliius.

363 1948 440 1979 179.
480 1944 628 1978 dorsum
662 1943 913 1978 Fleckeisenus
949 1944 1048 1988 epist.
1076 1943 1153 1977 erit.
1176 1955 1215 1987 p.
1243 1943 1284 1976 X
1312 1943 1531 1978 dubitanter.
1574 1962 1614 1966 —
1655 1952 1699 1976 eo
1733 1942 1794 1986 (se.

268 1999 370 2042 saxo)
399 2008 470 2042 pro
503 2008 547 2032 ea
572 1997 776 2031 Lambinus
808 2000 891 2032 teste
920 1996 1094 2031 Grutero:
1125 1997 1218 2032 idem
1245 1996 1373 2040 cadat,
1406 1996 1554 2031 Reizius
1581 1996 1707 2039 cadet,
1733 1996 1797 2030 ubi

268 2051 368 2086 eadit
399 2062 479 2085 cum
511 2050 606 2091 edit,
639 2050 721 2084 duit,
753 2050 906 2084 eontulit
938 2051 1133 2085 Acidalius
1160 2051 1180 2084 l.
1207 2061 1233 2085 s.
1260 2053 1290 2084 εἶ
1339 2049 1501 2094 capessit
1534 2060 1589 2093 se,
1622 2049 1795 2083 deorsum

271 2105 471 2149 Vssinyius.

366 2162 443 2193 181.
472 2168 624 2191 1111111610
651 2168 742 2202 puer
770 2169 808 2192 es
829 2158 1048 2201 Sarac-emis,
1076 2158 1297 2192 coenaturus
1319 2156 1487 2201 supparis
1509 2157 1667 2202 Pylades
1687 2158 1796 2202 (idem

266 2212 353 2246 Illas
381 2211 609 2254 curandum).

364 2268 441 2300 183.
468 2275 526 2298 me
555 2275 681 2298 esurus
709 2275 746 2298 es
775 2265 952 2309 Pylades,
977 2264 1072 2308 quod
1097 2267 1272 2308 tanquam
1297 2264 1475 2298 traditum
1500 2264 1568 2306 def.
1597 2263 1796 2299 Muellerus

267 2320 369 2354 Pros.
392 2330 430 2363 p.
459 2322 506 2353 90
537 2317 754 2362 Olsenusque
789 2319 809 2352 l.
837 2329 863 2353 s.
890 2329 917 2353 s.
939 2329 978 2362 p.
1006 2321 1054 2352 46
1065 2329 1114 2362 sq.
1166 2317 1250 2352 med
1277 2328 1405 2351 esurus
1433 2327 1470 2351 es
1498 2316 1658 2352 Reizius.
1709 2316 1795 2350 med

267 2372 403 2407 esuru's
431 2371 684 2406 Fleckeisenus
704 2372 883 2415 probante
908 2371 1104 2406 Ritschelio
1129 2371 1222 2406 Nov.
1250 2371 1344 2406 Eece.
1375 2370 1434 2405 Pl.
1464 2371 1491 2403 I
1511 2382 1549 2414 p.
1576 2373 1633 2405 41.
1660 2373 1708 2405 49
1734 2371 1794 2414 (cf.

266 2426 316 2460 sis
344 2424 648 2469 Vmpfenbaeltius
667 2424 774 2459 metet.
800 2424 858 2458 Pl.
874 2436 913 2468 p.
933 2427 984 2459 20
998 2435 1060 2469 sq„
1086 2424 1286 2459 Muellerus
1308 2423 1492 2458 ‘Nachtr.'
1510 2435 1547 2468 p.
1569 2424 1617 2468 9).
1642 2444 1689 2448 —
1714 2423 1796 2457 dari

267 2489 418 2524 operam
445 2478 513 2520 def.
541 2476 803 2511 Laclnnannus
828 2478 869 2511 in
889 2477 1000 2512 Lucr.
1024 2489 1062 2521 p.
1085 2481 1155 2513 195
1176 2478 1424 2522 Luelzsiusque
1449 2478 1490 2511 in
1510 2476 1667 2511 Student.
1689 2476 1792 2511 Stud.

267 2533 294 2565 I
312 2543 351 2576 p.
379 2533 440 2567 22.
480 2541 629 2574 operam
657 2529 735 2564 dari
761 2529 918 2565 Botltius
942 2530 1198 2576 Lomanusque
1223 2542 1313 2576 spec.
1339 2542 1374 2575 p.
1403 2533 1459 2565 60.
1499 2530 1616 2564 dicari
1643 2541 1794 2574 operam

267 2584 523 2620 Fleelceisenus
544 2584 722 2627 probante
741 2582 936 2619 Ritsclzelio
960 2586 1173 2629 reprobante
1193 2585 1361 2619 Luehsio.
1401 2584 1523 2618 Possis
1543 2583 1623 2617 dari
1644 2593 1793 2628 operam

265 2637 414 2682 postulo
440 2637 493 2672 vel
519 2636 605 2671 dare
633 2646 785 2680 operam
812 2637 848 2670 te
875 2637 972 2671 11010.
1000 2657 1043 2662 -
1070 2637 1180 2682 Apud
1207 2649 1265 2672 me
1292 2637 1322 2671 si
1350 2635 1488 2671 esuru's
1515 2636 1762 2671 Hermannus.

364 2693 440 2725 184.
469 2700 620 2734 sequere
648 2691 717 2723 hac
744 2700 831 2733 ergo
857 2700 915 2723 me
945 2690 1146 2725 BIuellerus
1174 2690 1357 2725 ‘Nachtn’
1381 2702 1420 2735 p.
1449 2692 1505 2725 50.
1545 2699 1698 2733 sequere
1724 2689 1794 2723 hac

269 2756 327 2779 me
355 2755 442 2788 ergo
469 2744 567 2778 intro
587 2743 844 2786 Kellerlzofflus
869 2743 912 2777 de
938 2744 1055 2778 eolloc.
1084 2743 1176 2778 verb.
1204 2744 1255 2777 ed.
1278 2743 1469 2787 Aryentor.
1498 2754 1532 2777 α.
1555 2744 1650 2776 1881
1672 2752 1710 2786 p.
1734 2744 1794 2776 84.

268 2808 420 2841 sequere
446 2797 516 2832 hac
542 2807 611 2832 me.
652 2798 669 2834 ΙΤ
681 2807 750 2841 ego
777 2807 864 2831 uero
890 2794 931 2831 ἓ
958 2797 1047 2831 duce
1075 2796 1104 2830 O
1127 2797 1215 2831 conl.
1244 2796 1350 2830 Asin.
1376 2807 1409 2830 v.
1438 2798 1517 2831 941.
1566 2794 1682 2830 Stichi
1708 2796 1790 2829 669.

363 2854 559 2886 185-189,
594 2849 657 2895 pol
683 2853 766 2895 post
791 2849 916 2883 Nimio
943 2853 975 2884 et
1002 2849 1119 2891 Quam
1156 2860 1285 2894 reapse
1312 2852 1395 2884 ante
1421 2847 1646 2894 experiundo
1672 2848 1792 2892 suppl.

270 2904 440 2949 Pylades,
460 2914 518 2938 me
539 2907 622 2939 ante
642 2902 856 2938 memorabo
873 2902 1118 2947 Camerarius,
1137 2903 1232 2948 quod
1244 2903 1409 2947 plerique
1427 2902 1666 2937 retinuerunt.
1703 2901 1793 2935 Alia

265 2958 414 3001 insuper
433 2961 612 2993 mutantes
633 2960 655 2991 9
674 2957 759 2992 dim.
783 2967 892 3001 anap.
907 2955 1057 2991 Reizius
1076 2957 1173 3000 feeit,
1193 2960 1215 2991 5
1235 2959 1349 2991 oeten.
1370 2955 1479 2991 troch.
1496 2955 1733 2990 Hernzannus
1751 2954 1794 2989 de

265 3011 386 3044 metris
403 3021 439 3053 p.
462 3014 536 3046 120¹
549 3021 598 3055 sq.
639 3010 772 3054 (minus
791 3009 924 3053 multo,
949 3010 1047 3053 med,
1072 3021 1152 3044 esse
1179 3013 1262 3044 ante
1287 3008 1462 3053 incertas)
1488 3019 1563 3044 non
1582 3009 1660 3043 sine
1678 3008 1792 3051 vitiis,
