1946 3344
782 185 1056 223 PRAEFATIO
1600 185 1685 219 XXI

156 296 388 353 initialem)
427 297 523 338 labe
562 296 767 337 immunis
801 301 884 350 est,
922 295 1021 336 inde
1059 294 1245 336 fortasse
1283 293 1559 348 repetendum
1594 295 1686 347 erit,

157 371 268 427 quod
296 372 342 411 ut
367 369 530 424 primus
559 382 737 409 scaenae
764 367 819 409 ab
847 367 969 408 initio
997 367 1051 408 ob
1072 380 1301 421 personam
1322 367 1511 407 remotus
1538 364 1686 406 fuerit:

156 458 257 484 nam
291 457 327 483 v.
355 454 521 496 quoque
549 438 634 480 593
663 438 870 480 maiorem
903 439 1100 479 lacunam
1127 436 1216 479 BC
1238 437 1413 492 signant
1439 437 1482 478 in
1508 451 1686 478 scaenae

148 514 279 555 initio
313 527 440 565 quam
476 512 660 552 metrum
694 523 930 564 sensusque
963 508 1147 563 capiant.
1211 508 1482 563 Quamquam
1515 507 1685 548 interim

158 585 192 626 si
227 583 458 639 bipartitus
492 584 584 623 erat
616 596 784 636 versus,
822 581 952 622 etiam
992 595 1028 622 V.
1067 580 1175 621 1047
1216 579 1473 634 respondere
1506 581 1688 632 poterat,

157 656 230 697 ubi
264 655 375 707 Quae
412 655 476 696 vel
511 654 623 706 Quae
647 667 710 696 me
742 668 767 694 a
793 654 1033 694 correctore
1066 650 1164 692 addi
1196 651 1389 705 potuisse
1422 650 1536 692 haud
1564 665 1687 692 cunc-

158 729 301 769 tanter
333 725 576 781 largiemur.

277 797 455 840 Accedit
470 796 736 839 luculentum
751 795 994 851 exemplum
1008 793 1206 835 versibus
1225 793 1337 835 1118
1354 793 1411 836 in.
1425 796 1468 834 et
1486 793 1595 835 1138
1609 808 1688 835 ex.:

159 869 229 911 sed
264 869 307 910 in
341 869 488 910 eodem
521 868 625 910 folio
658 869 829 922 praeter
861 866 1098 921 marginem
1132 879 1216 906 uno
1256 865 1350 906 1000
1383 864 1570 906 medium
1603 879 1689 906 ver-

159 956 253 982 sum
285 941 551 995 perforatum
584 939 716 980 fuisse
750 938 895 994 arguit
921 953 957 980 v,
987 937 1100 979 1132
1134 938 1234 978 ante
1262 936 1391 977 finem
1418 935 1556 989 hians,
1589 950 1689 989 quo—

158 1027 253 1054 cum
279 1014 378 1066 apte
405 1011 631 1053 conveniat
657 1025 694 1053 v.
719 1009 831 1051 1152
859 1011 1006 1064 aperte
1033 1008 1255 1061 turbatus,
1287 1006 1362 1048 ubi
1388 1006 1473 1048 iam
1497 1006 1693 1060 suspicor

157 1083 350 1125 extitisse
377 1082 542 1137 potius:
569 1082 783 1124 Iriensium
809 1080 963 1137 (edepol
988 1078 1120 1135 orat),
1146 1079 1277 1120 verba
1302 1078 1450 1132 inepta
1476 1077 1689 1119 0111111110-

161 1155 308 1197 dulata
335 1153 507 1211 (edepol)
533 1155 644 1196 haud
668 1157 703 1195 te
723 1150 854 1209 (orat)
881 1155 929 1194 ut
954 1151 1217 1206 interpolata
1238 1151 1345 1205 sint,
1370 1164 1458 1191 non
1478 1152 1692 1204 corrupta.

278 1226 470 1269 Similem
509 1240 610 1268 vero
645 1240 743 1267 mox
782 1224 1070 1280 corruptelam
1112 1223 1202 1264 sine
1242 1222 1451 1264 librorum
1496 1221 1691 1275 vestigiis

159 1313 208 1339 ex
235 1297 340 1352 ipsis
367 1298 563 1339 versibus
591 1297 843 1352 detegimus.
895 1294 1009 1337 Nam
1035 1295 1177 1337 versui
1201 1294 1314 1336 1182
1341 1308 1436 1334 eum
1464 1307 1537 1347 pes
1566 1292 1688 1346 desit,

160 1384 261 1411 num
295 1369 410 1411 casui
441 1369 606 1410 tribues
647 1368 762 1424 quod
794 1369 820 1409 9
854 1367 1107 1422 septenariis
1150 1369 1192 1407 et
1225 1366 1250 1407 9
1284 1364 1461 1406 senariis
1501 1379 1595 1405 cum
1629 1364 1692 1404 in-

160 1441 391 1496 scriptione
424 1440 790 1482 intercedentibus
825 1455 861 1482 V.
887 1439 999 1480 1200
1019 1452 1106 1479 non
1126 1439 1238 1479 recte
1260 1435 1485 1478 decurrat?
1536 1435 1689 1490 Itaque

160 1513 230 1555 hie
269 1527 416 1554 versus
457 1527 543 1554 non
585 1511 923 1566 transpositione
962 1525 1057 1552 cum
1097 1507 1292 1551 Acidalio
1333 1506 1547 1549 sanandus
1587 1508 1692 1560 erat,

163 1584 236 1626 sed
269 1584 568 1638 supplemento
602 1596 804 1638 congruo.

281 1655 418 1705 Quam
458 1655 806 1697 observationem
845 1654 968 1696 novis
1011 1652 1218 1707 exemplis
1256 1652 1426 1692 firmare
1465 1664 1692 1705 possumus

162 1743 212 1768 ex
246 1727 398 1769 ultima
431 1741 584 1769 scaena
616 1726 781 1781 petitis,
814 1725 886 1767 ubi
920 1741 956 1767 v.
987 1725 1100 1767 1384
1127 1727 1341 1765 extremus
1375 1736 1449 1777 pes
1479 1721 1693 1762 abscissus

162 1801 227 1839 est
265 1799 392 1852 atque
430 1812 467 1839 v.
511 1797 624 1839 1365
662 1796 786 1838 initio
827 1798 1009 1837 metrum
1053 1795 1244 1847 vacillat,
1288 1793 1370 1834 nisi
1410 1808 1505 1834 cum
1545 1791 1695 1833 elicen-

161 1867 317 1910 tiariis'
350 1883 411 1910 me
438 1868 444 1923 Ι
471 1868 597 1911 hercle
630 1868 898 1910 admittimus
925 1867 968 1909 in
995 1867 1089 1922 ipso
1117 1866 1161 1908 B
1193 1880 1244 1907 ne
1271 1864 1479 1906 traditum
1506 1863 1688 1918 quidem.

161 1938 304 1995 Atque
324 1939 406 1982 hoc
427 1955 596 1995 quoque
616 1940 711 1983 1000
728 1939 1001 1982 excludemus
1017 1938 1323 1991 coniecturam,
1343 1936 1427 1977 nisi
1443 1950 1526 1990 qua
1546 1949 1693 1977 versus

162 2012 284 2053 initio
325 2012 444 2053 sedes
486 2012 753 2066 corruptelae
795 2013 1035 2066 quaeratur.
1108 2008 1270 2050 Deinde
1311 2022 1412 2049 vero
1458 2008 1503 2048 in
1544 2006 1692 2048 eodem

165 2082 268 2124 folio
302 2097 337 2123 V.
376 2082 486 2123 1369
528 2082 618 2123 sine
658 2082 795 2124 fulcro
827 2096 964 2136 neque
997 2095 1145 2122 versus
1178 2094 1314 2134 neque
1348 2079 1562 2120 sententia
1596 2079 1695 2132 stat,

163 2168 258 2195 cum
299 2169 334 2194 v.
380 2153 490 2196 1389
533 2152 798 2207 respondens
838 2155 881 2194 et
920 2153 974 2194 ob
1014 2153 1199 2193 metrum
1238 2150 1515 2206 corrigendus
1557 2152 1598 2191 et
1641 2150 1693 2191 ob

164 2224 329 2266 dicendi
373 2239 497 2266 usum
543 2238 611 2278 090
656 2224 802 2267 addito
848 2224 1064 2266 sanandus
1109 2223 1252 2264 fuerit.
1328 2222 1428 2264 Mox
1473 2236 1568 2263 cuin
1612 2221 1695 2263 fine

167 2312 200 2339 v.
235 2296 342 2337 1399
375 2298 522 2350 aperte
554 2297 774 2349 truncato,
807 2296 880 2337 ubi
913 2295 1006 2352 (tibi
1038 2293 1304 2350 mufltzttost?
1356 2292 1553 2347 supplevi
1588 2293 1694 2334 conl.

166 2366 322 2422 Amph.
355 2382 391 2409 v.
418 2367 517 2422 519,
549 2367 771 2422 aptissime
804 2367 1026 2421 congruit,
1059 2366 1171 2422 quod
1200 2382 1235 2408 v.
1263 2366 1373 2407 1382
1401 2364 1525 2406 initio
1547 2364 1697 2406 Minus·

167 2440 305 2481 visum
338 2441 403 2480 est
435 2438 658 2493 excidisse,
698 2454 791 2480 eam
825 2438 934 2493 legis
968 2438 1209 2479 Plaetoriae
1242 2436 1696 2480 commemorationem

167 2512 215 2552 ut
252 2524 564 2565 recuperemUS,
603 2524 730 2564 quam
771 2510 868 2551 aliis
907 2509 1147 2551 rationibus
1188 2509 1241 2550 ab
1281 2510 1372 2550 arte
1411 2506 1693 2563 grammatica

169 2581 350 2623 exclusis
384 2580 459 2622 alii
492 2596 528 2623 v.
564 2581 673 2623 1381
711 2578 1017 2635 inferebantss).

262 2735 296 2778 *)
324 2734 431 2777 Quod
463 2733 653 2779 proximus
685 2745 718 2768 V.
749 2737 838 2768 1383
872 2733 909 2768 in
935 2733 1057 2768 medio
1090 2731 1355 2767 detrimentum
1382 2730 1491 2775 cepit,
1519 2729 1577 2764 eui
1604 2729 1695 2763 nihil

170 2787 409 2834 respondeat,
443 2788 513 2823 1100
545 2786 748 2833 posteriore
781 2787 974 2832 archetypi
1006 2786 1106 2821 illius
1140 2787 1307 2829 tempore
1342 2784 1377 2817 in
1404 2784 1440 2818 1²
1463 2784 1582 2817 ortum
1618 2793 1696 2816 csse

168 2843 283 2886 patet.
323 2842 461 2876 Contra
486 2852 616 2876 manco
644 2853 675 2876 v.
707 2845 794 2875 1337
824 2841 1023 2885 respondet
1048 2840 1149 2885 (ante
1180 2843 1220 2872 19
1249 2838 1339 2879 sen.)
1367 2835 1578 2880 inscriptio,
1615 2847 1697 2869 cuni

170 2895 304 2939 quarto
330 2896 456 2930 autem
484 2897 568 2940 post
598 2895 695 2928 hunc
729 2907 760 2930 v.
788 2894 878 2928 item
906 2905 1036 2928 manco
1071 2893 1130 2936 (cf.
1159 2890 1314 2935 append.
1343 2890 1390 2923 ad
1417 2901 1449 2923 v.
1481 2891 1585 2924 13411
1614 2900 1697 2923 con-

172 2948 301 2994 iungas
328 2947 427 2992 quod
455 2961 486 2983 v.
518 2952 606 2983 1359
633 2949 733 2993 (post
762 2950 802 2981 15
830 2958 918 2992 sen„
944 2946 1065 2990 inscia,
1092 2949 1113 2979 2
1140 2945 1248 2989 sept.)
1275 2943 1416 2986 infecere
1444 2942 1608 2978 offendit.
