1946 3344
160 227 343 258 195—212
797 225 1046 261 APPENDIX
1596 230 1681 270 155

156 331 200 365 L.
229 331 432 366 Muellerus
459 331 534 375 (cui
553 331 646 365 Nam
676 331 706 366 si
734 343 835 367 amas
860 336 1108 379 praecesserit)
1134 335 1238 370 valde
1262 336 1402 370 incerta
1428 336 1581 370 ratione.
1627 336 1683 371 De

155 394 304 418 nassum
339 385 525 428 scriptura
556 384 601 426 cf.
636 384 795 421 Baierus
828 388 852 421 l.
885 398 911 422 s.
944 399 970 422 s.
1001 398 1040 432 p.
1074 391 1132 423 99.
1191 388 1230 424 V.
1261 392 1326 423 196
1362 388 1461 433 quod
1488 400 1600 423 suaue
1628 390 1683 424 est

155 436 243 472 uolo
270 437 360 471 Pius
386 448 402 471 e
428 449 459 472 v.
489 448 536 472 c.:
562 438 669 481 quasi
696 438 774 472 Ioui
800 440 885 475 uolo
906 440 1094 476 Meursius
1120 452 1137 475 e
1162 453 1192 476 v.
1221 452 1248 476 c.
1275 442 1384 485 (uude
1410 453 1540 486 paeere
1567 443 1684 486 corn).

274 493 343 524 200
357 501 429 535 sqq.
458 490 522 524 PE.
549 491 614 526 hoc
640 492 714 526 loeo
740 493 894 528 inserere
924 494 1041 528 malui·
1065 505 1173 538 quam
1199 494 1273 528 ΜΕ.
1306 506 1337 530 v.
1366 499 1434 529 202
1467 496 1579 530 delere
1604 506 1684 530 cum

155 544 291 588 ceteris,
315 545 404 588 quia
429 547 461 579 et
485 544 567 589 ipsa
592 547 771 580 sententia
796 549 828 581 et
851 547 971 590 forma
995 557 1076 582 voce
1104 547 1292 592 ‘periculo’
1322 549 1473 593 repetita
1493 549 1541 583 ad
1567 549 1680 583 aliam

150 607 344 641 personam
363 609 508 642 eamque
522 599 765 642 parasiticam
780 603 1000 643 provocant:
1025 611 1095 644 quo
1115 602 1238 645 aptius
1257 602 1371 636 eidem
1396 602 1469 636 iam
1490 614 1520 636 υ.
1545 605 1611 635 203
1628 612 1677 646 sq.

155 651 420 685 continuantur
453 661 533 685 eum
565 651 670 686 libris
703 653 809 687 aliter
840 653 889 686 ad
919 656 1130 697 spectatores
1162 655 1297 688 dicenti
1329 655 1406 698 (ubi
1444 655 1680 697 artificiosius

154 704 313 748 priorem
342 704 577 738 Menaechmo
604 705 831 740 continuavit
861 704 1050 748 Gruterus,
1078 706 1208 741 Erotio
1234 708 1365 742 tribuit
1392 708 1559 749 Botulus,
1585 709 1681 752 quod

149 757 358 801 probarunt
384 756 617 803 Ladewiqius
644 757 776 792 Plzilol.
805 759 832 792 I
856 770 895 802 p.
922 761 1015 801 293,
1043 759 1100 802 Ἠ,
1128 761 1228 803 alifi:
1265 761 1416 804 itemque
1442 761 1571 805 optime
1596 761 1682 795 huic
1733 772 1741 779 ⁴

154 811 293 845 rationi
326 822 357 846 v.
384 814 461 846 205
473 822 523 855 sq.
556 812 780 856 respondent.
836 812 939 857 Quod
969 823 1050 847 vero
1089 814 1203 848 tacita
1235 814 1309 848 iam
1347 815 1482 848 donum,
1521 815 1682 858 accipere

153 865 322 899 meretrix
347 864 507 907 videtur,
547 875 622 899 non
646 865 799 907 mirum,
838 866 965 900 melius
999 877 1079 900 cum
1113 867 1255 910 gyratias
1287 878 1390 911 aqere
1415 867 1513 901 voltu
1537 868 1680 902 sucwio-

154 929 220 962 que
245 929 353 962 quam
379 918 496 952 verbis
520 919 642 961 possit.
696 917 858 953 Ceterum
875 930 906 953 v.
929 922 994 953 201
1024 919 1131 953 Haud
1147 919 1349 954 Herculeus
1376 930 1492 963 aeque
1517 920 1682 955 Kocliius

157 971 259 1006 Mus.
285 971 400 1006 Rlien.
432 971 555 1006 XXV
572 982 611 1015 p.
628 975 713 1013 618,
740 971 850 1006 Haud
876 972 1072 1007 Hereeoles
1100 973 1167 1017 (rel
1194 972 1400 1016 Hericules)
1427 984 1543 1016 aeque
1569 974 1680 1017 Bery-

152 1025 234 1059 la'us
258 1024 361 1059 Mon.
395 1025 486 1059 Anc.
521 1036 560 1068 p.
594 1028 638 1059 51
666 1025 772 1067 adn,
811 1024 920 1059 Haud
953 1024 1105 1060 Hercles
1144 1026 1309 1069 adaeque
1343 1026 1502 1061 Briwius
1527 1027 1568 1061 in
1594 1028 1680 1061 adn.

154 1078 214 1122 (cf.
242 1077 389 1111 Birtius
415 1077 512 1112 Illas.
534 1077 651 1113 Rlien.
679 1077 871 1112 XXXIV
886 1090 925 1122 p.
941 1082 988 1112 16
1002 1079 1068 1122 sq.)
1096 1090 1205 1123 neque
1232 1078 1336 1113 Festi
1362 1081 1601 1114 testimonium
1626 1091 1680 1115 re-

153 1131 341 1176 spicientes
355 1130 450 1174 quod
464 1142 487 1165 a
505 1131 684 1165 Muellero
704 1131 858 1175 aliisque
883 1135 973 1166 reete
1004 1132 1074 1166 huc
1099 1135 1257 1166 tractum
1283 1134 1450 1168 omiserat
1464 1133 1682 1167 Ritselielius

152 1195 264 1229 neque
289 1184 466 1218 rationem
497 1185 793 1230 grammaticam,
829 1196 919 1228 quae
944 1185 1043 1218 haud
1071 1188 1110 1218 ut
1136 1186 1350 1220 traiciamus
1375 1187 1512 1220 suadet.
1563 1188 1614 1220 At
1639 1197 1683 1221 ne

153 1248 330 1281 umquam
351 1237 492 1281 quidem
513 1238 682 1282 eccemplis
701 1237 787 1272 huic
809 1238 883 1272 loco
903 1248 1058 1282 prorsus
1077 1238 1354 1273 accommodatis
1379 1239 1593 1282 eaeplicatur,
1614 1250 1683 1282 quo

154 1291 324 1326 libentius
351 1289 501 1324 Festum
526 1301 657 1335 sequar
683 1291 857 1325 aliorsum
882 1291 1077 1326 ducentem.
1129 1291 1186 1325 De
1213 1290 1318 1325 mieis
1344 1293 1529 1335 scriptura
1554 1303 1585 1326 v.
1613 1296 1681 1326 202

154 1345 198 1387 cf.
227 1344 439 1378 Schwabius
457 1355 497 1388 p.
524 1346 674 1388 407341,
703 1344 1001 1389 Thurneyssenus
1026 1344 1157 1378 Kulmi
1183 1344 1263 1378 Act.
1293 1344 1413 1379 XXX
1425 1357 1464 1389 p.
1486 1347 1558 1379 499
1573 1356 1643 1389 sqq.

273 1400 351 1432 205.
392 1397 449 1431 De
487 1407 555 1441 ego
594 1397 716 1431 istanc
756 1408 854 1432 anno
888 1398 960 1432 emi
993 1398 1173 1441 coqitabat
1207 1396 1244 1431 Ἠ
1278 1399 1317 1432 in
1349 1399 1433 1433 adn.
1470 1400 1682 1433 assentiente

155 1450 332 1486 Mueller-0
360 1450 546 1485 ‘Nachtr.'
572 1462 608 1494 p.
637 1453 694 1485 49.
747 1461 816 1495 ego
851 1451 923 1485 emi
954 1449 1064 1484 istam
1099 1452 1222 1486 annod
1258 1452 1352 1486 idem
1383 1451 1430 1485 N.
1466 1463 1539 1486 exc.
1575 1453 1633 1487 I'l.
1660 1453 1688 1486 I

150 1516 188 1548 p.
218 1507 277 1538 66.
328 1502 401 1537 emi
427 1514 496 1547 ego
523 1502 644 1537 istanc
671 1515 768 1538 anno
794 1504 869 1538 iam
889 1504 1087 1538 Bcntleius.
1139 1504 1270 1540 Nescio
1297 1516 1347 1539 an
1372 1506 1502 1549 optime
1528 1506 1600 1539 emi
1625 1506 1681 1539 in-

154 1561 207 1591 ter
227 1557 331 1592 uxori
351 1561 383 1591 et
402 1567 508 1591 meae
528 1557 730 1601 collocetur,
755 1558 820 1592 ubi
839 1557 1011 1599 facillime
1036 1561 1102 1592 aut
1122 1562 1274 1603 propter
1301 1559 1440 1593 litteras
1465 1558 1538 1593 ime
1564 1560 1685 1594 omitti

152 1614 218 1645 aut
240 1613 389 1655 propter
414 1610 695 1645 disiunctionem
721 1611 831 1645 traici
851 1612 986 1654 potuit.

274 1666 352 1697 207.
379 1663 466 1698 uolo
492 1665 529 1698 te
556 1675 637 1698 cum
664 1664 697 1697 A
726 1665 783 1706 R,
811 1662 897 1699 uolo
924 1664 984 1698 ted
1012 1675 1093 1699 cum
1118 1665 1234 1699 eodem
1260 1665 1307 1699 N.
1335 1676 1409 1699 exc.
1436 1665 1495 1700 Pl.
1524 1666 1549 1698 I
1567 1677 1607 1710 p.
1634 1669 1682 1700 37

163 1717 386 1762 lVaynerus:
413 1721 452 1752 at
477 1718 521 1761 cf.
538 1717 700 1752 Baierus
727 1718 747 1752 l.
775 1727 802 1751 s.
828 1728 856 1751 s.
877 1722 1016 1762 p 15r),
1042 1717 1257 1761 Καεηιρῇιιὸ
1283 1719 1326 1753 de
1350 1730 1453 1762 pron.
1478 1730 1571 1762 pers.
1593 1722 1682 1762 pa„

155 1771 233 1805 alii.
284 1770 360 1805 Pro
387 1770 464 1804 seio
491 1771 687 1805 Acidalius
713 1770 744 1804 si
771 1771 846 1805 scio
873 1772 921 1805 ad
946 1772 1157 1806 sententiam
1183 1772 1404 1815 requirebat,
1431 1772 1599 1806 hauseio:
1627 1774 1683 1806 set

155 1825 206 1868 R,
233 1823 323 1858 cedo
350 1824 510 1858 Briaeius
542 1825 716 1859 laudante
750 1824 928 1859 Muellero
959 1824 1061 1858 Pros.
1086 1835 1121 1868 p.
1151 1827 1239 1867 734,
1272 1824 1335 1858 ubi
1362 1825 1437 1859 scio
1473 1825 1682 1869 Vssinqius:

155 1878 231 1913 scio
266 1879 343 1914 coll.
379 1889 408 1912 υ.
438 1880 508 1913 187
542 1881 625 1921 post
659 1877 880 1912 Lorenzium
911 1877 981 1918 def.
1023 1877 1246 1921 ll'aqnerus,
1280 1879 1404 1913 melius
1437 1879 1513 1913 coll.
1552 1890 1581 1913 v.
1611 1881 1682 1914 677

155 1932 467 1976 Sonnenburqius.
512 1931 605 1966 Mox
629 1930 746 1976 igitur
773 1930 879 1965 nobis
906 1930 987 1974 (del.
1014 1928 1147 1974 bribus)
1174 1930 1340 1965 Botliius.

274 1988 342 2019 209
356 1996 428 2029 sqq.
466 1984 598 2019 Versus
624 1987 811 2018 210-212
833 1983 1009 2018 Peniculo
1029 1983 1128 2018 dedit
1148 1983 1304 2019 Botlzius
1324 1985 1475 2029 itemque
1502 1996 1577 2019 una
1603 1996 1683 2020 cum

153 2050 184 2073 v.
201 2042 269 2073 209
293 2037 533 2073 Ribbeckius:
557 2037 622 2072 ubi
640 2047 755 2072 novae
774 2048 953 2081 personae
972 2037 1077 2071 nulla
1094 2037 1340 2080 probabilitas
1365 2042 1424 2072 est.
1459 2038 1556 2072 »Sane
1579 2049 1683 2082 pror-

153 2103 215 2127 sus
236 2091 443 2135 parasitica
467 2094 571 2133 sunt,
604 2091 666 2125 sed
691 2091 841 2125 aliunde
868 2090 995 2132 illata,
1022 2090 1062 2124 id
1087 2091 1182 2134 quod
1202 2094 1348 2135 practer
1375 2091 1452 2125 alia
1477 2094 1598 2134 Atque
1625 2102 1683 2125 ac·

154 2145 274 2179 tutum
301 2144 523 2179 demonstrat
547 2155 579 2178 v.
596 2146 670 2179 213
696 2144 815 2178 artius
840 2153 920 2178 cum
945 2154 974 2177 υ.
998 2145 1074 2177 208
1100 2144 1402 2187 coniunqendum.
1419 2164 1461 2168 —
1484 2144 1524 2178 V.
1541 2148 1608 2178 209
1636 2144 1684 2178 sit

156 2200 389 2233 omentorum
406 2197 578 2243 Pylades,
605 2196 655 2231 sis
682 2199 911 2231 amentorum
940 2196 1007 2240 (rel
1023 2197 1108 2239 om.)
1140 2197 1339 2231 Meursius.
1356 2217 1398 2221 —
1423 2197 1463 2231 V.
1479 2200 1547 2230 210
1575 2197 1683 2232 ‘mira

154 2252 446 2286 scitamentorum
464 2252 617 2286 nomina
640 2251 758 2285 satius
778 2250 872 2284 duxi
891 2251 1032 2285 intacta
1057 2250 1271 2295 relinquere’
1301 2251 1350 2292 R,
1377 2251 1440 2285 ubi
1465 2250 1682 2295 glandulam

154 2305 254 2340 codd.
276 2304 442 2349 Pyladis,
469 2303 752 2348 glandionidem
774 2302 923 2338 suillam
943 2303 1159 2346 Salmasius,
1186 2302 1397 2347 GIanfflum,
1419 2302 1568 2347 callum,
1596 2303 1680 2337 suil-

156 2358 232 2391 lum
259 2356 441 2401 Scaliyer;
476 2359 542 2392 aut
566 2358 607 2392 in
631 2358 696 2393 lzoc
728 2368 833 2392 versu
865 2357 910 2391 ab
936 2367 1010 2391 uno
1036 2356 1071 2390 A
1098 2357 1275 2391 traditum
1301 2360 1386 2391 ante
1412 2356 1572 2390 laridum
1597 2358 1680 2391 trai.

157 2410 207 2454 (R,
232 2421 334 2455 quem
359 2411 472 2446 secuti
497 2410 690 2455 Vssinyius
710 2414 793 2454 post
818 2409 1014 2445 Gruterum
1028 2411 1289 2456 patronymica
1313 2410 1549 2445 substantivis
1575 2409 1684 2444 suilla

155 2467 187 2498 et
214 2463 372 2498 laridum
394 2465 493 2499 adici
512 2465 639 2507 voluit,
665 2463 878 2499 Scliwabius
901 2475 937 2507 p.
959 2466 1033 2499 408
1046 2474 1117 2508 sqq.
1147 2464 1327 2498 adiectiva
1347 2463 1513 2498 suillum
1539 2467 1570 2497 ct
1596 2463 1680 2497 lari-

157 2516 246 2550 dum
278 2518 562 2563 patronymicis:
607 2521 798 2561 utrumque
842 2521 969 2552 contra
1013 2528 1119 2551 usum
1157 2518 1343 2561 ipsamque
1376 2517 1681 2561 probabilitatem,

156 2581 235 2605 cum
258 2572 514 2615 patronymica
539 2572 654 2606 iocose
679 2571 766 2613 ficta
794 2582 874 2606 cum
900 2571 989 2605 aliis
1014 2570 1253 2605 substantivis
1279 2571 1563 2614 eoniunyantur,
1588 2570 1683 2604 velut

161 2622 264 2656 Trin.
295 2625 416 2664 1022,
451 2623 609 2658 Mostell.
643 2626 724 2658 356.
777 2622 865 2658 Cum
898 2624 933 2658 A
964 2625 1104 2667 faciens
1142 2623 1209 2658 lari
1221 2623 1318 2657 dam
1357 2634 1448 2658 corr.
1486 2623 1683 2666 Lan-(senus

160 2675 292 2710 Pliilol.
324 2675 528 2710 XXXIII
545 2687 584 2720 p.
614 2679 697 2716 709,
725 2680 807 2710 ante
833 2676 983 2710 suillam
1009 2677 1166 2712 iterabat
1192 2679 1256 2710 aut
1295 2676 1506 2710 li'eidnerus
1531 2675 1682 2710 Advers.

154 2740 192 2773 p.
212 2731 267 2763 14.
320 2728 462 2763 Deinde
482 2728 696 2773 peronidem
724 2731 790 2764 aut
807 2732 819 2775 ΙΙ
840 2729 1010 2775 Sinciput
1035 2731 1100 2765 auf,
1126 2729 1334 2775 polimenta
1349 2729 1593 2771 Camerarius,
1619 2729 1684 2763 ubi

153 2792 226 2825 pro
250 2781 464 2826 peronidem
492 2781 698 2817 Lambinus
723 2794 886 2827 pernam,
914 2784 1060 2828 pedem,
1087 2784 1250 2827 Scaliqer
1274 2781 1482 2827 parotidem
1509 2782 1562 2816 ccl
1589 2783 1682 2826 peti-

160 2834 296 2869 minem
313 2834 414 2878 (sic)‚·
423 2845 493 2879 pro
513 2836 578 2868 aut
593 2835 798 2880 polimenta
811 2836 919 2880 (quod
933 2848 950 2872 e
965 2836 1074 2871 Festo
1084 2837 1252 2880 petitum)
1267 2837 1332 2870 aul:
1345 2837 1493 2869 omenta
1514 2835 1678 2870 Botliius.

278 2890 359 2921 212.
388 2886 443 2929 Of.
480 2887 671 2922 Turnebus
703 2888 852 2923 Advers.
890 2889 1049 2923 XVIII
1081 2892 1126 2923 15
1162 2888 1349 2933 (Madeeta.
1378 2889 1608 2932 Meum-iuss).
1638 2908 1680 2913 —

159 2940 197 2975 in
230 2951 356 2975 mensa
393 2940 600 2975 Lambinus
630 2942 875 2985 probantibus
909 2943 1090 2977 omnibus:
1122 2944 1273 2984 fortasse
1300 2944 1406 2985 recte,
1443 2941 1504 2975 secl
1536 2941 1682 2975 minime
