1946 3344
171 208 359 241 930—945
817 202 1063 239 APPENDIX
1622 204 1642 244 1
1651 204 1701 244 71

177 312 255 347 Ter.
265 323 364 357 pros.
380 312 431 346 ed.
447 323 479 346 a.
496 314 589 347 1841
601 322 639 355 p.
655 313 712 346 42.
748 311 788 346 V.
805 314 871 345 931
894 310 942 345 ad
961 321 1067 354 reges
1082 311 1242 346 Reizius.
1270 312 1369 356 apud
1383 312 1544 355 remiges
1557 312 1706 346 Birtius

173 366 194 400 l.
210 366 234 401 i.
249 377 276 401 8.
286 377 324 410 1).
340 367 398 400 64.
418 368 500 400 119.
535 364 574 399 V.
592 369 659 399 932
674 375 809 399 nauem
823 364 917 398 mihi
932 365 1098 400 Botliius.
1122 364 1177 408 Cf.
1197 368 1461 411 (rs-termeyerus
1476 365 1497 400 l.
1512 376 1540 399 s.
1555 376 1580 399 s.
1590 376 1629 409 1).
1646 368 1704 400 60.

268 422 347 453 933.
376 417 595 462 Oppidaque
628 417 945 452 eircumueetabor
971 417 1131 452 Reieius.
1184 419 1331 463 Oppida
1356 417 1707 453 circumueetitabor

173 472 340 507 Bothius.
404 470 552 515 Oppida,
590 471 803 505 admittebat
846 469 1051 515 Waqnerus
1098 472 1198 506 Mus.
1238 471 1354 507 Rlecn.
1391 471 1527 505 XXII
1552 483 1591 516 1ο,
1626 474 1708 514 120,

172 524 298 560 omnia
311 528 395 570 post
416 524 553 558 circum
573 524 730 558 addebat
744 524 946 559 Muellerus
962 525 1067 560 Pros.
1078 536 1116 568 p.
1134 527 1182 559 12
1197 527 1297 569 (post
1310 524 1448 569 oppida
1468 525 1707 569 Vssinyiuss),

172 580 251 613 tum
264 578 412 613 Birtius
428 577 613 621 ‘Elpides’
637 578 690 612 ed.
706 589 738 612 a.
754 580 901 621 18811).
918 582 978 614 59.
1007 579 1061 621 Cf.
1082 579 1266 613 Vahlenus
1280 578 1405 612 Herm.
1423 579 1529 613 XVI
1531 579 1557 612 I
1565 590 1603 622 1).
1621 582 1707 613 606.

159 631 224 673 ,At
249 643 293 666 ne
324 635 407 676 apte
437 632 580 675 quidem
612 631 764 666 additur
791 629 956 676 Oppida,
986 633 1052 667 ubi
1081 643 1156 667 nou
1180 633 1295 667 solam
1324 632 1482 675 sumam,
1513 633 1574 667 secl
1599 632 1707 666 simul

173 696 264 720 novo
289 685 423 729 oppido
448 684 633 720 condendo
659 685 774 718 locum
799 689 952 729 quaerat
976 686 1182 730 nai-iyator.
1212 706 1253 710 —
1280 684 1334 719 ibi
1359 684 1538 719 nobilitas
1565 686 1704 720 Dousa.

271 742 340 773 934
353 749 401 783 sq.
429 738 607 782 Magnum
635 736 872 772 communibo
900 737 1092 783 oppidum:
1121 739 1154 773 ei
1181 737 1297 783 Gripo
1325 749 1393 782 ego
1419 738 1544 772 indam
1572 750 1707 773 nomen

173 792 340 827 Botliius.
367 812 410 816 —
438 790 489 826 eii
509 791 574 834 (sic
597 790 842 835 Camerarius)
864 791 948 825 urbi
969 802 1037 836 ego
1059 791 1220 827 Reieius.
1261 791 1294 826 ei
1321 802 1409 836 ergo
1435 791 1518 826 urbi
1542 791 1705 826 Guietus.

174 846 231 881 De
258 844 444 889 Oppidum
471 842 668 888 (Vrbem?)
693 844 887 878 dubitabat
913 843 1112 879 Muellerus
1139 845 1241 880 Pros.
1269 856 1308 889 p.
1335 848 1395 880 12.
1429 848 1503 880 432
1529 856 1612 880 πιαι-
1637 845 1705 879 ibi-

176 909 247 943 que
274 897 470 932 instituam
497 908 674 941 magnum
695 908 850 941 regnum
876 897 1061 941 traiciens,
1086 899 1151 933 ubi
1176 909 1246 942 que
1272 898 1339 932 del.
1367 898 1514 932 Vossius
1533 899 1576 933 de
1595 909 1706 942 anap.

175 952 242 997 (ed.
269 951 372 996 Lips.
407 962 440 985 a.
474 951 586 993 1881)
612 962 653 994 p.
680 953 727 985 12
763 962 794 984 v.
829 954 1029 985 932—936
1068 951 1196 985 alteru.
1223 955 1335 986 octon.
1369 955 1401 985 et
1432 955 1562 995 septen.
1595 962 1705 995 anap.

174 1005 384 1040 discribens.
431 1004 486 1047 Cf.
514 1004 815 1049 ,S'onucnburyius
842 1004 863 1038 l.
889 1015 916 1039 s.
943 1015 970 1039 3.
991 1015 1031 1048 p.
1057 1006 1122 1047 23,
1141 1005 1190 1039 al.

271 1062 350 1092 936.
386 1069 482 1092 nunc
520 1057 690 1092 nidulum
728 1058 826 1091 hunc
860 1057 1024 1093 Gm'etus.
1080 1057 1248 1092 nidulum
1284 1057 1383 1091 hunc
1422 1069 1517 1091 nune
1551 1057 1710 1093 Reieius

180 1124 277 1147 nune
315 1112 411 1146 hanc
443 1111 621 1156 praedam
655 1112 924 1147 Fleckeisenus.
988 1110 1161 1145 u‘idulum
1193 1112 1343 1146 admisit
1375 1112 1575 1146 Ilsaellerus
1608 1111 1712 1146 Pros.

171 1177 209 1210 p.
232 1168 289 1200 19.
316 1168 387 1200 415
407 1166 530 1209 (autea
550 1164 733 1200 instruere
759 1165 797 1199 in
817 1166 980 1200 mentem
1001 1165 1186 1209 traiciens)
1207 1169 1273 1200 aut
1295 1164 1462 1199 nidulum
1483 1168 1548 1200 aut
1569 1164 1711 1199 uidlum

176 1219 390 1263 Spenyelius
419 1219 533 1261 ‘Refi'
558 1231 596 1263 1).
626 1223 696 1254 173
711 1220 797 1255 adu.
825 1220 886 1265 (ef.
918 1219 956 1254 T.
987 1219 1043 1252 M.
1072 1218 1113 1252 Ρ.
1136 1230 1175 1262 1).
1204 1220 1282 1262 92).

272 1276 352 1306 937.
385 1282 584 1316 pransurus
617 1276 674 1307 est
706 1273 819 1317 atque
853 1272 929 1307 sale
963 1272 1044 1315 (del.
1078 1272 1156 1307 siue
1183 1273 1279 1307 bono
1306 1272 1514 1316 pulmento)
1542 1272 1706 1318 Pylades.

177 1324 254 1359 sale
282 1326 339 1360 est
363 1336 563 1370 pransurus
582 1325 748 1361 Botlzius.
788 1326 846 1361 De
870 1336 977 1361 versu
1002 1325 1239 1361 Traclialioni
1259 1327 1502 1361 adtribuendo
1529 1327 1713 1372 eoqitabat

184 1378 300 1414 Valla.

275 1436 343 1467 938
358 1443 408 1477 sq.
449 1432 590 1477 Septen.
618 1434 728 1468 trocli.
748 1435 929 1468 statuebat
949 1432 1118 1475 Raetus,
1144 1433 1229 1466 dim.
1251 1433 1358 1467 iamb.
1383 1433 1585 1467 Muellerus
1608 1433 1713 1468 Pros.

176 1498 213 1530 p.
236 1489 308 1521 159
334 1486 419 1521 adn.
442 1489 463 1520 3
483 1487 545 1530 (cf.
560 1498 599 1531 1).
621 1488 726 1530 2530
760 1487 980 1522 adsentiente
1006 1485 1195 1530 Speuqclio
1218 1485 1331 1528 ‘Refi’
1356 1497 1394 1529 1).
1416 1489 1503 1521 290.
1533 1490 1624 1528 306,
1650 1487 1714 1530 qui

179 1540 267 1574 olim
293 1538 402 1574 Mitte
428 1539 540 1575 modo
566 1540 767 1575 clausulam
794 1550 971 1584 separans
1001 1540 1039 1574 Τ.
1068 1540 1121 1574 M.
1151 1540 1195 1573 P.
1218 1551 1257 1583 p.
1287 1542 1359 1574 152
1386 1540 1470 1574 (lim.
1498 1540 1605 1574 catal.
1633 1551 1713 1574 cum

179 1594 264 1628 dim.
285 1593 545 1628 subiuuaserat:
571 1605 643 1638 qua
663 1594 832 1628 clausula
851 1595 1010 1629 admissa
1030 1594 1259 1638 insequentia
1275 1603 1345 1637 pro
1365 1596 1478 1627 octou.
1500 1593 1608 1627 iamb.
1630 1604 1711 1627 ven-

179 1647 274 1681 ditat
306 1646 506 1691 Vssinqius.
534 1667 576 1672 —
611 1647 808 1682 rudentem
835 1659 945 1691 quam
972 1646 1090 1681 trahis
1117 1646 1285 1691 Pylades.
1320 1666 1362 1671 -—
1396 1648 1433 1680 te
1459 1657 1524 1681 om.
1552 1646 1714 1690 Reisius,

181 1701 245 1745 pol
279 1701 449 1744 lVeisius,
475 1712 561 1735 nam
588 1702 757 1736 Botlzius.
790 1721 834 1726 —
867 1701 930 1736 ted
957 1699 1142 1735 adiuuabo
1169 1711 1267 1734 nunc
1297 1698 1460 1735 Guietus.
1511 1701 1548 1734 te
1576 1700 1713 1734 adiuuo

182 1754 386 1789 Muellerus
411 1754 693 1799 Spenqeliusque
723 1755 856 1791 vitiata
880 1754 1069 1789 sententia.
1097 1773 1141 1778 ——
1169 1753 1267 1797 quod
1293 1753 1386 1787 bene
1413 1754 1455 1787 fit
1481 1751 1588 1787 bonis
1614 1754 1714 1787 haud

180 1806 279 1852 perit
307 1807 479 1854 Pylades.
537 1807 645 1843 bonis
685 1808 779 1843 bene
812 1809 911 1852 quod
943 1808 985 1843 fit
1020 1807 1121 1842 haud
1152 1806 1250 1851 perit
1276 1806 1435 1841 Reieius.
1486 1807 1585 1841 haud
1617 1807 1715 1851 perit

180 1862 287 1896 bonis
314 1861 413 1906 quod
440 1861 532 1896 bene
558 1862 601 1896 fit
625 1862 864 1897 Hermannus
888 1862 931 1897 de
955 1865 1054 1897 metr.
1076 1872 1116 1905 p.
1145 1863 1228 1895 124².
1281 1860 1380 1904 quod
1412 1860 1517 1895 bonis
1545 1861 1642 1895 Bene
1668 1861 1710 1895 fit

187 1915 287 1949 haud.
312 1914 411 1960 perit,
435 1926 613 1958 umquam
640 1915 804 1951 Guietus.

276 1971 355 2003 940.
377 1968 571 2003 Lacunam
591 1972 675 2004 ante
693 1967 845 2003 turbida
863 1968 1044 2004 statuebat
1065 1967 1320 2003 Fleckeisenus
1340 1970 1454 2002 octon.
1476 1967 1582 2001 iamb.
1604 1978 1715 2012 usque

180 2022 229 2057 ad
254 2033 285 2056 v.
308 2024 379 2057 944
405 2021 635 2057 continuans.
670 2043 715 2047 —
747 2022 952 2067 tempestas
978 2021 1066 2056 here
1098 2021 1170 2055 fuit
1194 2021 1360 2056 Botliius.
1412 2022 1618 2066 tempestas
1644 2022 1715 2056 fuit

180 2075 262 2109 heri
294 2074 562 2110 Fleckeisenus.
626 2075 704 2110 heri
742 2076 948 2120 tempestas
980 2074 1054 2109 fuit
1090 2079 1357 2118 commemorat,
1388 2085 1463 2109 non
1494 2076 1715 2110 commendat

181 2128 403 2165 Ritsclielius
432 2127 560 2173 Opuse.
589 2129 644 2163 II
659 2140 697 2173 1).
725 2131 817 2165 254.·
843 2129 887 2173 cf.
917 2129 1122 2163 Muellerus
1151 2127 1255 2162 Pros.
1277 2138 1317 2172 1ο.
1346 2131 1428 2162 190.

276 2185 355 2217 942.
382 2182 440 2216 Ne
472 2180 576 2217 uides
609 2183 646 2226 (i.
674 2181 843 2227 uidesne)
870 2183 1037 2218 Botliius.
1089 2181 1187 2215 Nam
1219 2181 1333 2216 uiden
1363 2182 1495 2226 recepit
1521 2181 1715 2216 Benoistus

180 2240 273 2271 recte
298 2236 543 2280 improbatum
563 2236 798 2272 Fleckeiseno
818 2236 956 2271 Annal.
967 2236 1058 2280 phil.
1075 2236 1179 2272 LXI
1191 2247 1230 2280 p.
1246 2238 1293 2269 40
1306 2246 1355 2279 sq.
1383 2255 1428 2260 —
1454 2236 1570 2270 rehem
1595 2240 1716 2280 utpote

184 2290 313 2325 diserte
338 2289 433 2333 quod
455 2288 676 2325 Priscianus
700 2293 848 2325 testetur
868 2290 1034 2335 plerique
1057 2293 1268 2333 receperunt
1288 2289 1474 2333 (nonrmlli
1494 2289 1600 2324 etiam
1621 2290 1716 2323 alias

182 2343 401 2386 intulerunt)
426 2353 502 2377 non
532 2344 859 2379 animadvertentes
889 2344 1008 2388 ipsius
1036 2343 1227 2377 Prisciani
1259 2343 1506 2377 additamento
1533 2346 1564 2377 et
1594 2343 1658 2377 hoc
1684 2346 1715 2376 et

183 2395 315 2431 retiam
340 2407 372 2432 v.
400 2399 474 2432 900
498 2397 636 2441 deberi,
662 2397 888 2441 antiquiores
913 2396 1143 2442 grammatici
1168 2399 1330 2431 auctores
1356 2406 1436 2430 cum
1461 2396 1540 2430 rete
1566 2396 1715 2440 legerint

182 2461 263 2485 cum
288 2450 420 2484 ceteris.

281 2506 362 2537 943.
389 2503 569 2538 sermonis
595 2504 651 2538 tui
677 2516 756 2538 sum
783 2502 955 2548 indigens
984 2503 1145 2548 Pylades
1171 2514 1237 2538 om.
1265 2513 1395 2547 quam,
1429 2503 1524 2547 quod
1548 2513 1622 2537 non
1648 2503 1712 2536 im-

177 2557 361 2601 probabat
386 2556 582 2592 Aeidalius
603 2568 639 2602 1).
669 2559 760 2591 444..·
793 2556 857 2591 ubi
883 2567 995 2600 quom
1022 2556 1202 2592 Reuterus
1227 2568 1338 2600 corr„
1369 2558 1447 2591 tam
1474 2559 1556 2590 ante
1582 2555 1715 2600 edepol

183 2611 267 2646 add.
298 2609 461 2646 Guietus.

278 2666 358 2698 944.
385 2665 443 2697 md·
471 2662 555 2698 odio
581 2674 646 2698 om.
676 2663 750 2698 iam
774 2664 953 2699 Goaztus.
980 2684 1023 2689 —
1052 2663 1129 2698 Iam
1155 2663 1317 2709 quisquis
1339 2674 1377 2697 es
1406 2674 1462 2697 me
1483 2662 1569 2696 odio
1591 2661 1715 2696 enicas

184 2716 344 2752 Iteieius.
394 2715 473 2750 Iam
506 2727 563 2750 me
597 2715 682 2751 odio
715 2716 883 2760 quisquis
911 2728 949 2751 es
983 2717 1105 2752 enicas
1131 2718 1339 2752 Benoistus.
1392 2715 1450 2749 Me
1479 2714 1563 2749 odio
1590 2713 1714 2748 enicas

183 2768 259 2804 iam
286 2768 453 2813 quisquis
490 2780 528 2804 es
557 2770 762 2805 Muellerus
794 2770 896 2806 Pros.
922 2781 962 2815 p.
990 2774 1066 2806 253
1087 2771 1172 2806 adu.
1205 2781 1279 2805 non
1304 2769 1515 2812 improbans
1546 2768 1715 2801 ciuicam

183 2833 398 2857 mensuram.
463 2822 596 2857 Enicas
623 2823 691 2866 def.
720 2823 934 2867 ab'penyelius
962 2824 1076 2868 ‘Itesl’
1103 2836 1140 2869 1).
1167 2827 1240 2858 306
1253 2835 1303 2867 sq.
1334 2842 1373 2846 Q
1402 2834 1439 2855 cs
1467 2832 1532 2855 om.
1561 2821 1715 2856 Guietus

185 2877 239 2918 (at
264 2876 310 2918 cs.
340 2876 490 2911 Olsenus
518 2877 540 2911 l.
567 2887 594 2911 s.
621 2888 648 2911 s.
670 2888 709 2920 1).
738 2879 799 2919 35)
832 2877 984 2922 itemque
1011 2888 1099 2921 ego,
1131 2876 1216 2910 hino
1244 2875 1410 2919 Pylades.
1464 2885 1533 2917 ego
1567 2874 1653 2909 hinc
1678 2877 1715 2909 te

185 2926 286 2962 abire
313 2930 396 2965 trai.
423 2930 589 2964 Bothius.
861 2934 865 2938 ”

282 2985 360 3016 945.
390 2984 529 3027 (mane)
550 2982 694 3018 cauesis
716 2983 823 3018 malo.
852 2983 927 3019 GR.
956 2983 1044 3028 quid
1069 2983 1209 3018 ‘doetus
1228 2981 1446 3016 catolesccus’
1471 2981 1572 3025 apud
1593 2980 1715 3016 Taub-
