1946 3344
281 228 337 270 38
954 221 1131 257 PLAVTI
1547 219 1580 254 11
1606 224 1639 261 3,
1665 221 1805 254 46—58

283 337 497 392 Longum,
530 336 762 390 strigorem
794 334 1052 383 maleficum,
1085 329 1340 372 exornarier.
1739 337 1807 368 280

940 414 1147 448 N1COBVLvs

286 479 401 521 Perii
431 478 592 521 hercle:
626 477 791 518 lembus
823 474 901 516 file
933 474 1038 515 mihi
1070 470 1203 514 laedit
1233 472 1359 513 latus.

943 556 1148 589 CHRYSALVS

287 622 329 664 Is
363 622 455 663 erat
487 619 726 662 communis
759 633 854 660 cum
887 617 1059 671 hospite
1094 618 1136 656 et
1168 613 1468 669 praedonibus.

946 698 1152 732 Nmonvas

290 764 440 806 Adeon
471 778 537 804 me
570 762 701 803 fuisse
733 760 913 815 fungum
946 761 995 800 ut
1027 758 1100 812 qui
1131 757 1196 798 illi
1229 756 1460 810 crederem,

291 836 429 885 Quom
461 835 521 875 mi
552 833 693 888 ipsum
726 846 882 873 nomen
914 831 1003 871 eius
1036 827 1359 870 Archidemides

293 905 510 948 Clamaret
542 904 812 958 dempturum
846 903 957 955 esse,
990 900 1026 941 si
1059 899 1161 954 quid
1193 898 1437 941 crederem?
1747 905 1814 938 285

950 982 1155 1015 CHRYSALvs

294 1049 337 1090 Is
372 1050 548 1089 nostrae
579 1046 679 1087 naui
713 1045 878 1085 lembus
910 1042 1089 1084 insidias
1123 1042 1264 1082 dabat.

296 1120 451 1173 Occepi
484 1131 563 1172 ego
598 1117 826 1158 obseruare
859 1129 931 1156 eos
965 1128 1091 1168 quam
1124 1114 1215 1153 rem
1249 1114 1414 1166 gerant.

296 1192 467 1232 Interea
500 1204 521 1230 e
553 1191 681 1243 portu
713 1188 862 1228 nostra
894 1185 1018 1227 nauis
1053 1184 1249 1225 soluitur.

297 1263 384 1304 Vbi
416 1263 543 1316 portu
577 1259 760 1313 eximus,
791 1256 989 1298 homines
1022 1255 1202 1310 remigio
1237 1254 1376 1308 sequi,

298 1333 448 1387 Neque
481 1333 580 1373 aues
612 1344 749 1384 neque
782 1328 902 1369 uenti
934 1326 1072 1368 citius.
1124 1326 1328 1380 quoniam
1361 1326 1499 1366 sentio
1759 1333 1826 1365 290

299 1405 416 1454 Quae
448 1404 515 1444 res
549 1403 788 1456 gereretur,
819 1401 976 1440 nauem
1010 1397 1500 1451 extemplo'statuimus.

301 1475 511 1525 Quoniam
543 1473 692 1514 uident
722 1486 801 1513 nos
835 1471 967 1524 stare,
1000 1470 1255 1523 occeperunt
1286 1470 1425 1509 ratem

303 1593 397 1627 libri.
427 1590 694 1634 circumspecto
720 1588 773 1622 ibi
800 1587 1047 1621 Hermannns.
1074 1596 1133 1619 me
1162 1584 1429 1629 circumspecto
1457 1583 1712 1619 Fleckeisenns

304 1646 424 1689 adque
451 1644 497 1678 B.
525 1644 565 1677 at
590 1653 673 1677 ecce
701 1641 900 1685 Geppertns
930 1638 1054 1674 Tria?
1077 1650 1113 1682 p.
1144 1641 1213 1672 140
1309 1640 1389 1672 280.
1416 1638 1603 1682 Longum,
1632 1637 1829 1681 strigorem

305 1697 513 1732 maleficum
535 1695 763 1730 Fritzsclcius
789 1694 900 1727 Anal.
922 1693 980 1727 Pl.
1003 1704 1043 1737 p.
1065 1695 1088 1727 6
1114 1703 1191 1726 cnm
1219 1691 1388 1726 Daeerio.
1415 1691 1583 1735 Longum
1610 1692 1645 1725 st
1669 1691 1830 1734 rigorem

303 1751 511 1786 maleficum
531 1749 566 1782 B
587 1752 637 1792 et,
661 1749 736 1782 nisi
755 1747 850 1791 qnod
871 1748 927 1781 est
943 1757 1012 1790 pro
1033 1746 1079 1789 st,
1105 1745 1247 1789 reliqui.
1268 1745 1453 1789 Longum,
1482 1744 1695 1788 strigonem,
1717 1743 1830 1778 male-

304 1806 412 1839 ficum
448 1803 670 1844 Salmasius,
706 1800 875 1834 Βίαν-εἰπε
914 1800 1001 1834 Var.
1042 1799 1116 1833 lect.
1153 1797 1248 1830 XII
1281 1800 1337 1831 19.
1378 1796 1547 1840 Longum
1585 1797 1650 1832 abs
1689 1796 1832 1832 tricone

303 1857 474 1892 malefico
495 1855 725 1890 Ritschellus.
753 1854 923 1897 Longum
949 1864 970 1887 a
995 1851 1152 1896 strigore
1179 1850 1347 1885 malefico
1372 1851 1427 1885 vel
1452 1854 1492 1884 nt
1516 1862 1631 1895 snpra
1651 1851 1832 1887 Dacerius

304 1912 346 1945 in
377 1910 475 1945 Fest.
508 1920 539 1944 v.
574 1907 748 1951 strigores
775 1918 814 1951 p.
846 1899 920 1940 '314
945 1907 997 1940 ecl.
1031 1905 1084 1939 M.
1122 1904 1288 1949 Longum
1321 1905 1377 1938 est
1408 1903 1589 1939 triconem
1621 1904 1831 1939 maleficum

306 1963 501 1999 Aciclalins
539 1965 778 2004 transponens
809 1959 905 1993 hune
930 1969 960 1993 v.
984 1962 1065 2002 post
1091 1961 1178 1993 20⁴3.
1211 1957 1396 2002 Longum,
1431 1956 1588 2002 strigore
1621 1957 1832 1992 maleficum

307 2017 544 2051 Hermannns
577 2014 697 2058 praef.
730 2024 770 2057 p.
811 2012 907 2046 VII.
948 2012 1117 2056 Longum
1156 2023 1174 2046 e
1207 2011 1360 2056 regione
1398 2011 1608 2045 maleficum
1653 2011 1834 2046 Beckerns

311 2072 453 2115 (maest.
496 2068 555 2102 Pl.
592 2079 629 2112 p.
663 2069 695 2102 6.
734 2066 920 2109 Longum,
958 2067 1155 2109 trygonem
1193 2064 1402 2098 maleficum
1437 2062 1613 2099 Ger-taius.
1654 2064 1832 2109 Longum,

307 2123 512 2164 triremem,
532 2120 743 2155 maleficum
764 2119 952 2153 Palmerns
978 2118 1166 2152 Hermatll.
1188 2118 1254 2153 vol.
1277 2117 1343 2151 IV
1361 2120 1409 2160 (a.
1432 2119 1546 2160 1831)
1563 2128 1601 2162 p.
1624 2119 1696 2152 137
1789 2127 1832 2151 ex

312 2174 474 2211 ornarier
499 2174 544 2208 Β.
581 2174 692 2208 ‘alias
717 2171 946 2207 exnarrier’:
972 2171 1174 2216 Loi'zyolius
1279 2171 1428 2205 Versum
1460 2170 1549 2204 delet
1582 2170 1740 2205 llseisins

310 2232 389 2264 281.
417 2227 544 2263 herole
570 2227 618 2261 D.
647 2226 743 2260 ercle
770 2226 815 2259 B.
843 2236 907 2260 om.
923 2224 956 2258 Z
1026 2223 1088 2258 ilie
1104 2235 1183 2258 cnm
1203 2236 1274 2258 ras.
1295 2235 1374 2268 sap.
1394 2223 1428 2257 ie
1448 2224 1483 2257 B
1556 2222 1650 2256 ledit
1676 2223 1762 2257 libri

310 2281 453 2317 lembus
479 2280 624 2315 lumbos
652 2278 770 2314 laedit
794 2277 825 2312 is
851 2277 943 2312 mihi
968 2289 1040 2312 van
1073 2276 1252 2320 [jsende'jk
1277 2277 1320 2312 de
1345 2277 1402 2311 Pl.
1430 2277 1543 2311 Persa
1568 2276 1652 2310 thes.
1678 2275 1743 2310 IV

311 2338 391 2370 282.
420 2345 501 2368 cum
529 2331 691 2377 hospite]
718 2329 860 2374 hospiti
886 2331 1085 2375 Geppertns
1115 2330 1237 2365 Treui}
1258 2342 1296 2375 p.
1326 2333 1396 2365 130
1504 2328 1728 2373 predonibus
1754 2328 1838 2364 BF

409 2390 488 2422 283.
515 2397 573 2420 me
601 2386 645 2420 ἐξ
674 2384 786 2418 fuisse
815 2383 922 2418 012¹:
949 2394 1038 2418 corr.
1066 2384 1122 2417 ])²'
1221 2383 1325 2427 utqui
1352 2383 1389 2416 D
1487 2381 1674 2417 crederem
1701 2393 1767 2417 om.
1797 2381 1832 2416 0.

313 2441 460 2475 credere
487 2439 561 2474 D1:
593 2450 682 2474 corr.
710 2437 765 2471 Ι)2
863 2440 940 2471 284.
977 2436 1070 2478 Qum
1102 2437 1147 2471 B.
1182 2448 1265 2471 cum
1298 2437 1428 2480 reliqui
1531 2435 1622 2469 mihi
1656 2435 1742 2469 libri

314 2492 594 2528 Archidemides
627 2491 879 2534 Fleclceisenus
914 2500 964 2533 ep.
993 2500 1039 2525 cr.
1066 2501 1101 2534 2).
1129 2494 1189 2525 23.
1224 2488 1486 2524 archidemidis
1514 2489 1617 2529 libri,
1642 2488 1716 2522 nisi
1741 2488 1836 2532 quod

314 2548 398 2582 dem
424 2548 465 2581 in
491 2546 542 2580 lit.
566 2546 600 2579 B
666 2547 752 2578 -285,
774 2543 990 2586 dempturus
1011 2542 1063 2575 D¹
1085 2547 1116 2577 ct
1141 2544 1208 2577 D³.-
1234 2543 1469 2586 dempturum
1491 2540 1556 2576 D2.
1577 2540 1835 2584 adempturum

318 2602 350 2634 Z
435 2599 555 2643 siquid
582 2598 627 2632 B.
656 2597 685 2631 si
713 2595 811 2640 quod
838 2607 881 2630 ex
907 2595 935 2630 si
961 2596 1048 2639 quid
1076 2596 1124 2630 1).
1153 2596 1183 2629 si
1209 2595 1307 2640 quod
1334 2594 1411 2629 FZ
1499 2594 1554 2628 De
1579 2604 1610 2627 υ.
1636 2595 1836 2628 286-293

316 2655 420 2689 levem
445 2652 685 2696 suspicionem
716 2650 825 2683 movit
856 2648 1138 2684 Brachmannas
1166 2661 1203 2693 p.
1239 2651 1327 2684 132.-
1365 2649 1407 2683 de
1437 2659 1468 2683 v.
1496 2649 1574 2682 286
1606 2646 1838 2689 Anspachius

314 2718 348 2751 p.
377 2708 422 2740 13
520 2707 598 2739 286.
626 2703 774 2737 nostrae
801 2700 888 2735 naui
914 2701 1056 2736 lembus
1084 2702 1249 2747 Pylades.
1277 2701 1420 2737 lembus
1446 2701 1595 2735 nostrae
1621 2698 1710 2733 naui
1737 2699 1836 2740 libri,

316 2760 390 2793 nisi
415 2758 511 2803 qnod
535 2758 660 2791 nostre
688 2755 725 2789 D
756 2758 788 2789 et
813 2753 930 2788 nostri
958 2754 990 2786 Ζ
1061 2759 1141 2789 287.
1170 2753 1320 2799 occaepi
1340 2754 1388 2788 D,
1416 2751 1545 2797 accepi
1566 2753 1607 2787 Z.
1635 2752 1704 2786 hoc
1731 2751 1838 2795 coepi

320 2812 349 2846 C
422 2812 510 2846 Post
531 2809 728 2844 obseruare
747 2819 880 2844 rasura
901 2808 1058 2841 duarum
1079 2809 1145 2842 litt.
1169 2808 1203 2841 B
1277 2817 1475 2851 quamnam
1497 2816 1575 2840 rem
1600 2805 1836 2839 Hei-mamm

389 2867 468 2899 288.
490 2863 621 2908 eportu
642 2863 679 2896 1)
746 2865 824 2896 289.
847 2860 1001 2894 exiimus
1023 2859 1254 2895 Camerarius
1339 2860 1500 2894 remulco
1522 2859 1556 2893 Z
1640 2861 1719 2892 290.
1747 2867 1836 2900 quo-

321 2918 418 2952 niam
443 2917 483 2951 Z.
512 2917 573 2960 qffi
599 2915 727 2951 BGD.
754 2926 863 2958 quom
886 2913 924 2947 F
1006 2917 1085 2948 291.
1107 2925 1177 2957 quc
1205 2925 1260 2947 res
1280 2913 1345 2948 D²⁵.
1374 2923 1505 2957 queres
1524 2911 1581 2946 D¹
1665 2911 1840 2954 gerentur

322 2971 354 3004 Ζ
445 2974 523 3004 292.
552 2968 733 3010 Quoniam
762 2968 928 3012 Pylades.
957 2968 1018 3010 qfii
1046 2967 1129 3002 01).
1157 2968 1250 3008 Qum
1276 2966 1322 3000 B.
1350 2977 1461 3009 quom
1489 2964 1535 3001 F.
1562 2965 1633 3008 quo
1663 2964 1696 2997 Ζ
