1946 3344
231 174 256 215 8
914 173 1090 208 PLAVTI
1497 173 1593 208 Prol.
1622 176 1665 208 57
1672 194 1710 198 ——
1717 177 1760 209 76

238 282 489 324 persuadet:
523 283 649 323 nauis
682 282 921 323 clanculum
955 282 1226 324 conddcitur:

239 352 454 408 Quidquid
487 356 581 394 erat
611 355 744 394 noctu
775 352 820 393 in
852 354 1009 394 nauem
1042 354 1272 407 conportat
1303 352 1430 394 domo

237 424 372 466 Leno:
407 423 688 477 adulescenti,
721 423 796 478 qus
824 424 1012 478 puellam
1046 424 1098 465 ab
1134 439 1182 465 eo
1217 424 1390 477 emerat,

234 494 313 536 Ait
345 496 436 536 sese
469 493 628 536 Veneri
660 494 771 536 uelle
806 497 955 536 uotum
989 494 1158 536 soluere
1717 505 1761 536 60

237 590 287 596 -
323 565 372 607 Id
403 563 475 607 hic
508 567 573 606 est
604 563 785 606 Veneris
818 565 966 606 fanum
1001 589 1053 595 —
1089 567 1131 606 et
1163 565 1311 607 eadem
1344 565 1396 606 ad
1428 564 1656 620 prandium

234 636 419 679 Vocauit
452 636 768 678 adulescentem
800 635 893 677 huc.
956 636 1048 690 ipse
1081 635 1180 678 hinc
1211 636 1313 678 ilico

235 706 496 749 Conscendit
527 708 571 749 in
603 721 777 761 nauem,
811 707 957 748 auehit
990 706 1301 750 meretriculas,

235 778 515 820 Adulescenti
548 778 622 819 alii
654 780 836 820 narrant
869 781 916 819 ut
947 792 1014 820 res
1049 779 1172 834 gesta
1206 779 1278 820 sit:

234 850 451 892 Lenonem
486 849 656 892 abiisse.
719 849 773 891 ad
805 850 977 905 portum
1011 849 1261 892 adulescens
1296 849 1486 891 aduenit:
1721 860 1764 892 65

234 920 411 962 Illorum
444 920 566 962 nauis
598 920 728 975 longe
760 921 804 961 in
837 921 973 962 altum
1007 921 1287 962 abscesserat.

234 992 329 1047 Ego
363 992 567 1048 quoniam
598 992 724 1033 uideo
757 990 972 1046 uirginem
1006 992 1281 1047 asportarier,

236 1063 380 1104 Tetuli
414 1063 452 1104 ei
485 1063 687 1104 auxilium
721 1064 763 1104 et
794 1063 939 1104 lenoni
971 1063 1150 1104 exitium
1182 1063 1326 1104 simul:

234 1135 434 1190 Increpui
467 1134 697 1176 hibernum
731 1136 772 1176 et
803 1134 957 1175 fluctus
992 1135 1109 1176 moui
1142 1134 1410 1176 maritumos.

235 1205 350 1248 Nam
381 1208 594 1248 Arcturus
627 1206 800 1261 signum
834 1220 928 1246 sum
961 1206 1153 1247 omnium
1185 1220 1318 1247 unum
1352 1207 1640 1248 acerrumum:
1722 1217 1766 1248 70

235 1276 481 1318 Vehemens
515 1292 609 1319 sum
642 1277 856 1330 exoriens,
889 1292 1017 1332 quom
1051 1277 1197 1319 occido
1231 1277 1534 1319 uehementior.

236 1347 361 1390 Nunc
393 1349 519 1390 ambo
554 1349 651 1390 leno
685 1351 814 1403 atque
845 1347 1003 1403 hospes
1035 1348 1079 1389 in
1112 1349 1215 1389 saxo
1249 1348 1376 1390 simul

236 1417 396 1460 Sedent
428 1420 572 1461 eiecti:
605 1420 728 1461 nauis
762 1419 1027 1461 confractast
1059 1420 1132 1461 eis.

242 1490 326 1532 Illa
358 1492 503 1532 autem
535 1491 659 1546 uirgo
694 1493 821 1546 atque
856 1491 992 1532 altera
1024 1490 1174 1532 itidem
1208 1490 1412 1537 ancillula

239 1560 304 1602 De
336 1562 439 1603 naui
470 1561 648 1603 timidae
682 1562 961 1604 desuluerunt
991 1561 1037 1603 1'n
1070 1561 1289 1616 scapham.
1725 1572 1768 1603 75

238 1631 366 1673 Nunc
398 1634 468 1674 eas
502 1633 555 1674 ab
591 1647 692 1674 saxo
726 1633 881 1674 fluctus
914 1633 966 1674 ad
999 1634 1160 1674 terram
1192 1633 1337 1674 ferunt

334 1783 387 1813 69.
415 1778 533 1814 Servii
567 1779 683 1814 Vatic.
706 1781 803 1814 3317
829 1779 877 1813 acl
905 1778 1006 1824 Very.
1032 1778 1160 1825 θεον-9.
1184 1779 1210 1812 Ι
1229 1782 1295 1814 67:
1321 1780 1508 1814 arcturum
1536 1781 1661 1815 autem
1686 1779 1767 1825 plu-

241 1832 384 1866 uiarum
412 1834 449 1867 et
473 1833 743 1877 tempestatum
771 1844 848 1868 esse
874 1834 1063 1868 auctorem
1090 1834 1127 1866 et
1152 1832 1308 1867 Plautus
1334 1832 1497 1867 ostendit
1523 1833 1559 1868 iu
1587 1833 1769 1876 Rudente,

239 1897 321 1920 cum
345 1885 501 1921 eundem
521 1885 643 1931 ipsum
665 1886 850 1921 dicentem
869 1886 963 1921 facit
985 1885 1238 1930 ‘increpuit
1263 1886 1503 1921 hibernum
1525 1887 1568 1921 et
1591 1886 1768 1922 fluctus

237 1939 381 1974 mouit
406 1938 626 1974 marinos’

335 2073 390 2105 57.
417 2068 594 2112 danculfi,
617 2082 642 2104 n
668 2081 711 2105 ex
736 2082 761 2104 u
785 2075 827 2105 ut
852 2070 939 2113 vid„
967 2069 997 2103 O
1091 2073 1146 2104 58.
1174 2069 1356 2113 Quicquid
1381 2070 1501 2105 BCD
1597 2070 1770 2114 coportat

239 2122 364 2157 BFZ
469 2122 665 2158 domoleno
692 2123 748 2157 1)1
774 2123 871 2166 (disi.
899 2122 966 2168 ΠΕ)
1085 2126 1139 2157 59.
1167 2122 1396 2158 adolescenti
1422 2124 1458 2157 B
1484 2124 1533 2168 (ss)
1651 2127 1706 2158 61.
1733 2125 1770 2158 et

239 2175 370 2210 eadem
397 2175 445 2209 ad
471 2174 523 2212 fis.
570 2176 608 2210 et
634 2186 676 2211 eo
704 2177 750 2210 ad
776 2176 946 2211 BCDZ.
987 2187 1076 2211 exeo
1104 2176 1150 2210 ad
1176 2176 1216 2210 F
1240 2177 1289 2221 (³⁸)
1412 2180 1466 2212 62.
1495 2176 1769 2212 adolescentem

238 2227 364 2263 BDZ
468 2229 560 2272 huc,
587 2240 606 2264 c
632 2240 675 2264 ex
701 2229 732 2272 i,
758 2229 797 2263 D
905 2229 991 2264 hinc
1015 2229 1061 2263 Β.
1088 2229 1187 2263 hunc
1215 2229 1376 2264 CDFZ
1490 2235 1544 2265 63.
1571 2230 1610 2264 in
1634 2240 1768 2264 nauem

238 2283 334 2316 inter
359 2281 437 2316 alia
456 2281 657 2317 DIueZIerus
683 2283 787 2318 Pros.
812 2294 847 2327 22.
869 2285 953 2318 492.
981 2293 1113 2317 nauem
1140 2283 1227 2317 libri
1311 2283 1439 2318 auehit
1465 2282 1614 2318 DssFZ.
1642 2282 1770 2318 auenit

238 2334 348 2369 BD1.
376 2333 541 2381 adsueuit
557 2334 587 2368 O
599 2335 649 2380 (ss)
724 2339 778 2371 64.
795 2335 1023 2371 adolescenti
1038 2337 1123 2371 libri
1203 2339 1257 2371 65.
1273 2335 1396 2371 abisse
1411 2337 1457 2372 B.
1486 2336 1580 2372 abiis
1601 2348 1639 2372 se
1659 2348 1706 2372 er.
1721 2336 1768 2370 ad

241 2387 352 2433 portfi
378 2388 420 2422 in
443 2388 514 2431 fine
528 2398 616 2432 pay.
638 2392 721 2424 ante
747 2389 804 2423 Ad
824 2390 972 2434 portum
994 2389 1032 2424 D
1106 2389 1320 2425 adolescens
1340 2390 1375 2423 B
1403 2395 1434 2425 ct
1457 2389 1487 2425 G
1502 2394 1585 2426 ante
1605 2401 1696 2426 corr.

241 2440 393 2475 aduenit
412 2439 465 2477 Q.
498 2440 601 2475 uenit
622 2442 709 2476 libri
729 2443 776 2486 (*)
851 2446 906 2477 67.
935 2444 1005 2486 qffi
1023 2443 1059 2477 B
1139 2447 1193 2478 68.
1214 2442 1322 2478 teluli
1342 2443 1380 2477 D
1400 2447 1484 2479 ante
1503 2455 1593 2479 corr.
1670 2443 1702 2478 ei
1725 2444 1766 2481 Z.

240 2496 278 2529 et
296 2495 350 2530 vel
370 2494 399 2528 &⁷
414 2494 519 2529 ceteri
592 2494 768 2529 lenononi
782 2495 819 2529 D
893 2496 1049 2531 exicium
1065 2496 1162 2541 130⁶)
1237 2500 1291 2531 69.
1310 2495 1362 2539 Cf.
1378 2498 1503 2532 tcstc'm.
1566 2496 1769 2532 maritimos

239 2547 403 2582 BODZ
481 2550 534 2582 70.
563 2558 668 2581 suum
694 2547 762 2592 D1,
788 2558 877 2583 corr.
905 2549 961 2582 DJ
1034 2548 1199 2584 omnium
1225 2561 1338 2583 unum
1365 2549 1560 2595 Seyffertus
1580 2550 1683 2585 δέκα.
1708 2550 1768 2584 ΡΙ.

235 2613 274 2646 1).
294 2604 352 2637 24.
381 2601 455 2636 omi
487 2601 510 2635 fi
538 2601 583 2637 B.
624 2602 787 2636 omnium
815 2602 887 2636 OD
898 2603 976 2637 FZ
1045 2602 1324 2646 acerrimumsc
1350 2614 1393 2637 ecc
1418 2615 1436 2636 r
1462 2603 1515 2648 D)
1543 2604 1629 2638 libre?
1648 2602 1695 2648 (³⁵²)

243 2657 297 2688 71.
325 2654 558 2689 Vachomens
585 2654 620 2688 Z
715 2666 795 2688 cum
824 2655 912 2689 libo-c·
938 2655 985 2699 (ἢ
1085 2659 1139 2689 72.
1167 2656 1300 2689 amabo
1326 2655 1413 2690 BF
1505 2656 1543 2690 in
1571 2667 1657 2690 saxo
1682 2656 1766 2691 leno

243 2709 355 2752 atque
382 2707 517 2752 hospes
544 2707 647 2750 libri,
673 2708 816 2743 traiecit
840 2707 990 2743 Reizius
1087 2707 1213 2749 simul,
1238 2720 1261 2742 u
1288 2719 1331 2742 ea:
1357 2719 1375 2742 e
1402 2713 1443 2743 ut
1467 2710 1553 2752 rid„
1580 2709 1620 2743 D
1645 2709 1693 2752 (³¹²)

244 2765 299 2794 73.
328 2761 464 2796 Sedent
490 2760 600 2796 eiecti
627 2761 668 2796 Z.
709 2760 865 2796 Sedente
893 2761 978 2796 lecti
1005 2761 1051 2795 R.
1086 2760 1236 2795 Sedenti
1262 2760 1349 2794 lecti
1378 2761 1460 2795 OD.
1495 2760 1631 2796 Sedent
1656 2762 1766 2797 electi

246 2814 285 2848 F
362 2814 568 2857 confracta,
594 2825 612 2847 r
637 2825 680 2849 ex
705 2825 739 2858 a,
765 2814 800 2848 B
880 2816 936 2849 est
960 2815 1005 2849 iis
1030 2812 1196 2848 BGDZ.
1224 2813 1280 2846 est
1301 2842 1307 2848 .
1329 2813 1393 2848 sed
1419 2813 1459 2847 F
1482 2814 1526 2858 (ἢ
1613 2817 1669 2850 74.
1696 2814 1766 2849 Illa

242 2877 268 2900 s.
295 2878 326 2902 v.
354 2867 410 2900 1)2
518 2866 656 2902 ancilla
683 2867 841 2902 GDFZ
947 2872 1000 2903 75.
1028 2866 1158 2902 timide
1186 2865 1216 2900 O
1239 2869 1322 2901 ante
1347 2877 1438 2902 corr.
1469 2867 1549 2900 FZ
1660 2867 1764 2903 insca

244 2919 318 2963 pli-51.
343 2919 379 2953 B
477 2925 531 2956 76.
560 2920 690 2965 Nuno,
717 2931 737 2955 0
764 2932 843 2957 cum
867 2932 939 2956 ras.
966 2932 1135 2967 superne,
1161 2919 1196 2953 Β
