<?xml version="1.0" encoding="UTF-8"?>
<!DOCTYPE html PUBLIC "-//W3C//DTD XHTML 1.0 Transitional//EN"
    "http://www.w3.org/TR/xhtml1/DTD/xhtml1-transitional.dtd">
<html xmlns="http://www.w3.org/1999/xhtml" xml:lang="en" lang="en">
 <head>
  <title>
</title>
<meta http-equiv="Content-Type" content="text/html;charset=utf-8" />
  <meta name='ocr-system' content='tesseract 3.04.00' />
  <meta name='ocr-capabilities' content='ocr_page ocr_carea ocr_par ocr_line ocrx_word'/>
</head>
<body>
  <div class='ocr_page' id='page_1' title='image "./comoediaerecensv03plauuoft_0301.png"; bbox 0 0 1946 3344; ppageno 0'>
   <div class='ocr_carea' id='block_1_1' title="bbox 754 209 1643 251">
    <p class='ocr_par' dir='ltr' id='par_1_1' title="bbox 754 209 1643 251">
     <span class='ocr_line' id='line_1_1' title="bbox 754 209 1643 251; baseline 0.007 -7"><span class='ocrx_word' id='word_1_1' title='bbox 754 209 1003 244; x_wconf 87' lang='lat' dir='ltr'><em>APPENDIX</em></span> <span class='ocrx_word' id='word_1_2' title='bbox 1560 210 1643 251; x_wconf 83' lang='lat'><em>109</em></span> 
     </span>
    </p>
   </div>
   <div class='ocr_carea' id='block_1_2' title="bbox 109 304 1699 3018">
    <p class='ocr_par' dir='ltr' id='par_1_2' title="bbox 111 304 1646 508">
     <span class='ocr_line' id='line_1_2' title="bbox 113 304 1643 350; baseline -0.001 -10"><span class='ocrx_word' id='word_1_3' title='bbox 113 304 240 350; x_wconf 81' lang='lat' dir='ltr'><em>copiae</em></span> <span class='ocrx_word' id='word_1_4' title='bbox 266 316 377 349; x_wconf 88' lang='lat' dir='ltr'><em>neque</em></span> <span class='ocrx_word' id='word_1_5' title='bbox 403 315 446 339; x_wconf 79' lang='lat' dir='ltr'><em>ea</em></span> <span class='ocrx_word' id='word_1_6' title='bbox 473 305 510 349; x_wconf 85' lang='lat' dir='ltr'><em>(i.</em></span> <span class='ocrx_word' id='word_1_7' title='bbox 538 317 564 339; x_wconf 89' lang='lat' dir='ltr'><em>e.</em></span> <span class='ocrx_word' id='word_1_8' title='bbox 593 305 715 350; x_wconf 74' lang='lat' dir='ltr'><em>copia)</em></span> <span class='ocrx_word' id='word_1_9' title='bbox 749 307 960 350; x_wconf 72' lang='lat' dir='ltr'><em>compotem</em></span> <span class='ocrx_word' id='word_1_10' title='bbox 986 305 1106 340; x_wconf 76' lang='lat' dir='ltr'><em>facere</em></span> <span class='ocrx_word' id='word_1_11' title='bbox 1134 305 1247 340; x_wconf 86' lang='lat' dir='ltr'><em>latine</em></span> <span class='ocrx_word' id='word_1_12' title='bbox 1278 305 1426 348; x_wconf 82' lang='lat' dir='ltr'><em>dicitur,</em></span> <span class='ocrx_word' id='word_1_13' title='bbox 1457 308 1498 340; x_wconf 84' lang='lat' dir='ltr'><em>ut</em></span> <span class='ocrx_word' id='word_1_14' title='bbox 1528 316 1643 339; x_wconf 83' lang='lat' dir='ltr'><em>neces-</em></span> 
     </span>
     <span class='ocr_line' id='line_1_3' title="bbox 111 358 1646 404; baseline -0.001 -11"><span class='ocrx_word' id='word_1_15' title='bbox 111 359 210 393; x_wconf 86' lang='lat' dir='ltr'><em>sario</em></span> <span class='ocrx_word' id='word_1_16' title='bbox 248 358 430 403; x_wconf 70' lang='lat' dir='ltr'><em>qenetivus</em></span> <span class='ocrx_word' id='word_1_17' title='bbox 467 358 682 402; x_wconf 76' lang='lat' dir='ltr'><em>suppleatur</em></span> <span class='ocrx_word' id='word_1_18' title='bbox 720 359 918 393; x_wconf 79' lang='lat' dir='ltr'><em>adiuvante</em></span> <span class='ocrx_word' id='word_1_19' title='bbox 954 361 1074 394; x_wconf 85' lang='lat' dir='ltr'><em>metro.</em></span> <span class='ocrx_word' id='word_1_20' title='bbox 1135 358 1298 394; x_wconf 73' lang='lat' dir='ltr'><em>Ceterum</em></span> <span class='ocrx_word' id='word_1_21' title='bbox 1329 359 1490 404; x_wconf 84' lang='lat' dir='ltr'><em>sequenti</em></span> <span class='ocrx_word' id='word_1_22' title='bbox 1525 359 1646 393; x_wconf 83' lang='lat' dir='ltr'><em>versui</em></span> 
     </span>
     <span class='ocr_line' id='line_1_4' title="bbox 115 411 1645 457; baseline 0 -11"><span class='ocrx_word' id='word_1_23' title='bbox 115 412 257 446; x_wconf 83' lang='lat' dir='ltr'><em>Parcus</em></span> <span class='ocrx_word' id='word_1_24' title='bbox 283 422 362 446; x_wconf 84' lang='lat' dir='ltr'><em>cum</em></span> <span class='ocrx_word' id='word_1_25' title='bbox 387 411 474 445; x_wconf 88' lang='lat' dir='ltr'><em>aliis</em></span> <span class='ocrx_word' id='word_1_26' title='bbox 501 411 724 446; x_wconf 71' lang='lat' dir='ltr'><em>Philocratis</em></span> <span class='ocrx_word' id='word_1_27' title='bbox 755 422 883 447; x_wconf 85' lang='lat' dir='ltr'><em>nomen</em></span> <span class='ocrx_word' id='word_1_28' title='bbox 903 412 1162 456; x_wconf 71' lang='lat' dir='ltr'><em>praescripsit,</em></span> <span class='ocrx_word' id='word_1_29' title='bbox 1193 412 1367 457; x_wconf 86' lang='lat' dir='ltr'><em>quoniam</em></span> <span class='ocrx_word' id='word_1_30' title='bbox 1386 412 1519 457; x_wconf 87' lang='lat' dir='ltr'><em>priora</em></span> <span class='ocrx_word' id='word_1_31' title='bbox 1548 411 1645 457; x_wconf 75' lang='lat' dir='ltr'><em>Tyn-</em></span> 
     </span>
     <span class='ocr_line' id='line_1_5' title="bbox 112 463 746 508; baseline -0.002 -8"><span class='ocrx_word' id='word_1_32' title='bbox 112 467 203 500; x_wconf 81' lang='lat' dir='ltr'><em>‹laro</em></span> <span class='ocrx_word' id='word_1_33' title='bbox 229 465 474 508; x_wconf 83' lang='lat' dir='ltr'><em>adscripscrat</em></span> <span class='ocrx_word' id='word_1_34' title='bbox 502 463 746 500; x_wconf 80' lang='lat' dir='ltr'><em>Camerarius.</em></span> 
     </span>
    </p>

    <p class='ocr_par' dir='ltr' id='par_1_3' title="bbox 112 517 1644 616">
     <span class='ocr_line' id='line_1_6' title="bbox 208 517 1644 563; baseline 0 -10"><span class='ocrx_word' id='word_1_35' title='bbox 208 522 288 554; x_wconf 90' lang='grc'>220.</span> <span class='ocrx_word' id='word_1_36' title='bbox 321 517 426 552; x_wconf 81' lang='lat' dir='ltr'><em>Neue</em></span> <span class='ocrx_word' id='word_1_37' title='bbox 452 520 648 562; x_wconf 71' lang='lat' dir='ltr'><em>permanet</em></span> <span class='ocrx_word' id='word_1_38' title='bbox 672 518 765 553; x_wconf 82' lang='lat' dir='ltr'><em>haec</em></span> <span class='ocrx_word' id='word_1_39' title='bbox 791 519 857 553; x_wconf 77' lang='lat' dir='ltr'><em>clel.</em></span> <span class='ocrx_word' id='word_1_40' title='bbox 884 518 1009 562; x_wconf 81' lang='lat' dir='ltr'><em>palam</em></span> <span class='ocrx_word' id='word_1_41' title='bbox 1037 518 1243 553; x_wconf 83' lang='lat' dir='ltr'><em>Lambinus</em></span> <span class='ocrx_word' id='word_1_42' title='bbox 1269 518 1575 563; x_wconf 81' lang='lat' dir='ltr'><em>Hermannusque</em></span> <span class='ocrx_word' id='word_1_43' title='bbox 1601 519 1644 553; x_wconf 81' lang='lat' dir='ltr'><em>de</em></span> 
     </span>
     <span class='ocr_line' id='line_1_7' title="bbox 112 570 1185 616; baseline -0.003 -9"><span class='ocrx_word' id='word_1_44' title='bbox 112 575 209 607; x_wconf 85' lang='lat' dir='ltr'><em>metr.</em></span> <span class='ocrx_word' id='word_1_45' title='bbox 231 583 270 616; x_wconf 90' lang='lat' dir='ltr'><em>p.</em></span> <span class='ocrx_word' id='word_1_46' title='bbox 299 574 380 606; x_wconf 86' lang='lat'><em>193.</em></span> <span class='ocrx_word' id='word_1_47' title='bbox 406 573 604 615; x_wconf 76' lang='lat' dir='ltr'><em>promanet,</em></span> <span class='ocrx_word' id='word_1_48' title='bbox 632 572 813 616; x_wconf 76' lang='lat' dir='ltr'><em>‘quidam’</em></span> <span class='ocrx_word' id='word_1_49' title='bbox 843 575 927 606; x_wconf 85' lang='lat' dir='ltr'><em>ante</em></span> <span class='ocrx_word' id='word_1_50' title='bbox 952 570 1185 606; x_wconf 82' lang='lat' dir='ltr'><em>Lambinum.</em></span> 
     </span>
    </p>

    <p class='ocr_par' dir='ltr' id='par_1_4' title="bbox 112 624 1644 828">
     <span class='ocr_line' id='line_1_8' title="bbox 207 624 1644 670; baseline -0.001 -10"><span class='ocrx_word' id='word_1_51' title='bbox 207 629 274 660; x_wconf 89' lang='grc'><em>221</em></span> <span class='ocrx_word' id='word_1_52' title='bbox 290 636 338 669; x_wconf 91' lang='lat' dir='ltr'><em>sq.</em></span> <span class='ocrx_word' id='word_1_53' title='bbox 367 635 440 659; x_wconf 90' lang='lat' dir='ltr'><em>non</em></span> <span class='ocrx_word' id='word_1_54' title='bbox 468 626 555 659; x_wconf 69' lang='lat' dir='ltr'><em>ssmt</em></span> <span class='ocrx_word' id='word_1_55' title='bbox 575 624 652 660; x_wconf 84' lang='lat' dir='ltr'><em>doli</em></span> <span class='ocrx_word' id='word_1_56' title='bbox 677 625 715 659; x_wconf 85' lang='lat' dir='ltr'><em>ni</em></span> <span class='ocrx_word' id='word_1_57' title='bbox 743 626 827 659; x_wconf 65' lang='lat' dir='ltr'><em>asta</em></span> <span class='ocrx_word' id='word_1_58' title='bbox 853 624 954 660; x_wconf 82' lang='lat' dir='ltr'><em>colas</em></span> <span class='ocrx_word' id='word_1_59' title='bbox 971 625 1141 670; x_wconf 76' lang='lat' dir='ltr'><em>Pylades.</em></span> <span class='ocrx_word' id='word_1_60' title='bbox 1157 645 1200 649; x_wconf 89' lang='lat'><em>-—</em></span> <span class='ocrx_word' id='word_1_61' title='bbox 1223 625 1293 659; x_wconf 73' lang='lat' dir='ltr'><em>etsi</em></span> <span class='ocrx_word' id='word_1_62' title='bbox 1320 627 1404 659; x_wconf 71' lang='lat' dir='ltr'><em>astu</em></span> <span class='ocrx_word' id='word_1_63' title='bbox 1432 625 1531 659; x_wconf 77' lang='lat' dir='ltr'><em>colas</em></span> <span class='ocrx_word' id='word_1_64' title='bbox 1559 625 1644 669; x_wconf 82' lang='lat' dir='ltr'><em>(nisi</em></span> 
     </span>
     <span class='ocr_line' id='line_1_9' title="bbox 113 677 1644 724; baseline 0 -12"><span class='ocrx_word' id='word_1_65' title='bbox 113 680 196 714; x_wconf 68' lang='lat' dir='ltr'><em>astu</em></span> <span class='ocrx_word' id='word_1_66' title='bbox 222 679 319 713; x_wconf 80' lang='lat' dir='ltr'><em>celes</em></span> <span class='ocrx_word' id='word_1_67' title='bbox 352 678 452 721; x_wconf 84' lang='lat' dir='ltr'><em>olim)</em></span> <span class='ocrx_word' id='word_1_68' title='bbox 485 677 685 724; x_wconf 74' lang='lat' dir='ltr'><em>Vssinqius.</em></span> <span class='ocrx_word' id='word_1_69' title='bbox 715 678 769 721; x_wconf 81' lang='lat' dir='ltr'><em>Cf.</em></span> <span class='ocrx_word' id='word_1_70' title='bbox 800 678 908 714; x_wconf 84' lang='lat' dir='ltr'><em>Truc.</em></span> <span class='ocrx_word' id='word_1_71' title='bbox 934 689 966 713; x_wconf 86' lang='lat' dir='ltr'><em>v.</em></span> <span class='ocrx_word' id='word_1_72' title='bbox 991 680 1061 712; x_wconf 74' lang='lat'><em>461</em></span> <span class='ocrx_word' id='word_1_73' title='bbox 1076 688 1126 721; x_wconf 85' lang='lat' dir='ltr'><em>sq.</em></span> <span class='ocrx_word' id='word_1_74' title='bbox 1177 677 1275 712; x_wconf 82' lang='lat' dir='ltr'><em>Sanc</em></span> <span class='ocrx_word' id='word_1_75' title='bbox 1300 689 1330 712; x_wconf 84' lang='lat' dir='ltr'><em>v.</em></span> <span class='ocrx_word' id='word_1_76' title='bbox 1356 680 1435 714; x_wconf 85' lang='grc'><em>222</em></span> <span class='ocrx_word' id='word_1_77' title='bbox 1463 678 1587 713; x_wconf 87' lang='lat' dir='ltr'><em>turbat</em></span> <span class='ocrx_word' id='word_1_78' title='bbox 1612 681 1644 712; x_wconf 85' lang='lat' dir='ltr'><em>ct</em></span> 
     </span>
     <span class='ocr_line' id='line_1_10' title="bbox 112 731 1643 776; baseline 0 -10"><span class='ocrx_word' id='word_1_79' title='bbox 112 735 300 767; x_wconf 80' lang='lat' dir='ltr'><em>structura</em></span> <span class='ocrx_word' id='word_1_80' title='bbox 325 735 357 765; x_wconf 89' lang='lat' dir='ltr'><em>ct</em></span> <span class='ocrx_word' id='word_1_81' title='bbox 382 731 498 766; x_wconf 76' lang='lat' dir='ltr'><em>verbis</em></span> <span class='ocrx_word' id='word_1_82' title='bbox 525 731 712 775; x_wconf 71' lang='lat' dir='ltr'><em>(prouenit</em></span> <span class='ocrx_word' id='word_1_83' title='bbox 738 735 842 776; x_wconf 85' lang='lat' dir='ltr'><em>atque</em></span> <span class='ocrx_word' id='word_1_84' title='bbox 861 731 899 765; x_wconf 82' lang='lat' dir='ltr'><em>id</em></span> <span class='ocrx_word' id='word_1_85' title='bbox 921 731 1052 766; x_wconf 87' lang='lat' dir='ltr'><em>alienis</em></span> <span class='ocrx_word' id='word_1_86' title='bbox 1071 731 1242 775; x_wconf 78' lang='lat' dir='ltr'><em>exemplis</em></span> <span class='ocrx_word' id='word_1_87' title='bbox 1266 732 1410 774; x_wconf 80' lang='lat' dir='ltr'><em>frustra</em></span> <span class='ocrx_word' id='word_1_88' title='bbox 1428 732 1643 775; x_wconf 82' lang='lat' dir='ltr'><em>sustentato)</em></span> 
     </span>
     <span class='ocr_line' id='line_1_11' title="bbox 112 784 528 828; baseline -0.002 -9"><span class='ocrx_word' id='word_1_89' title='bbox 112 788 144 819; x_wconf 89' lang='lat' dir='ltr'><em>et</em></span> <span class='ocrx_word' id='word_1_90' title='bbox 168 785 347 819; x_wconf 80' lang='lat' dir='ltr'><em>sententia</em></span> <span class='ocrx_word' id='word_1_91' title='bbox 372 784 528 828; x_wconf 87' lang='lat' dir='ltr'><em>ineptus.</em></span> 
     </span>
    </p>

    <p class='ocr_par' dir='ltr' id='par_1_5' title="bbox 113 836 1699 1256">
     <span class='ocr_line' id='line_1_12' title="bbox 209 836 1644 883; baseline -0.001 -11"><span class='ocrx_word' id='word_1_92' title='bbox 209 841 288 872; x_wconf 87' lang='grc'>223.</span> <span class='ocrx_word' id='word_1_93' title='bbox 336 837 448 883; x_wconf 84' lang='lat' dir='ltr'><em>Nam]</em></span> <span class='ocrx_word' id='word_1_94' title='bbox 478 836 584 871; x_wconf 87' lang='lat' dir='ltr'><em>Nunc</em></span> <span class='ocrx_word' id='word_1_95' title='bbox 613 838 816 872; x_wconf 67' lang='lat' dir='ltr'><em>Ilffuellerus</em></span> <span class='ocrx_word' id='word_1_96' title='bbox 841 838 945 873; x_wconf 79' lang='lat' dir='ltr'><em>Pros.</em></span> <span class='ocrx_word' id='word_1_97' title='bbox 966 850 1004 883; x_wconf 88' lang='lat' dir='ltr'><em>p.</em></span> <span class='ocrx_word' id='word_1_98' title='bbox 1033 841 1119 873; x_wconf 74' lang='lat'><em>299.</em></span> <span class='ocrx_word' id='word_1_99' title='bbox 1149 859 1191 863; x_wconf 94' lang='lat'>—</span> <span class='ocrx_word' id='word_1_100' title='bbox 1226 838 1257 871; x_wconf 86' lang='lat' dir='ltr'><em>si</em></span> <span class='ocrx_word' id='word_1_101' title='bbox 1283 837 1376 872; x_wconf 80' lang='lat' dir='ltr'><em>mihi</em></span> <span class='ocrx_word' id='word_1_102' title='bbox 1403 838 1513 872; x_wconf 78' lang='lat' dir='ltr'><em>herus</em></span> <span class='ocrx_word' id='word_1_103' title='bbox 1541 847 1577 871; x_wconf 81' lang='lat' dir='ltr'><em>es</em></span> <span class='ocrx_word' id='word_1_104' title='bbox 1604 838 1644 871; x_wconf 72' lang='lat' dir='ltr'><em>tu</em></span> 
     </span>
     <span class='ocr_line' id='line_1_13' title="bbox 113 890 1646 937; baseline -0.002 -11"><span class='ocrx_word' id='word_1_105' title='bbox 113 892 281 937; x_wconf 76' lang='lat' dir='ltr'><em>Pylades.</em></span> <span class='ocrx_word' id='word_1_106' title='bbox 310 891 340 925; x_wconf 85' lang='lat' dir='ltr'><em>si</em></span> <span class='ocrx_word' id='word_1_107' title='bbox 368 891 477 925; x_wconf 79' lang='lat' dir='ltr'><em>herus</em></span> <span class='ocrx_word' id='word_1_108' title='bbox 502 902 540 926; x_wconf 83' lang='lat' dir='ltr'><em>es</em></span> <span class='ocrx_word' id='word_1_109' title='bbox 566 891 659 925; x_wconf 79' lang='lat' dir='ltr'><em>mihi</em></span> <span class='ocrx_word' id='word_1_110' title='bbox 684 892 725 925; x_wconf 80' lang='lat' dir='ltr'><em>tu</em></span> <span class='ocrx_word' id='word_1_111' title='bbox 742 890 904 926; x_wconf 83' lang='lat' dir='ltr'><em>Guietus.</em></span> <span class='ocrx_word' id='word_1_112' title='bbox 942 891 973 925; x_wconf 84' lang='lat' dir='ltr'><em>si</em></span> <span class='ocrx_word' id='word_1_113' title='bbox 998 893 1039 926; x_wconf 72' lang='lat' dir='ltr'><em>tu</em></span> <span class='ocrx_word' id='word_1_114' title='bbox 1065 891 1116 924; x_wconf 85' lang='lat' dir='ltr'><em>mi</em></span> <span class='ocrx_word' id='word_1_115' title='bbox 1142 901 1225 924; x_wconf 79' lang='lat' dir='ltr'><em>erus</em></span> <span class='ocrx_word' id='word_1_116' title='bbox 1253 901 1291 924; x_wconf 85' lang='lat' dir='ltr'><em>es</em></span> <span class='ocrx_word' id='word_1_117' title='bbox 1318 890 1541 936; x_wconf 75' lang='lat' dir='ltr'><em>Spenqelius.</em></span> <span class='ocrx_word' id='word_1_118' title='bbox 1578 902 1646 924; x_wconf 86' lang='lat' dir='ltr'><em>an.-</em></span> 
     </span>
     <span class='ocr_line' id='line_1_14' title="bbox 113 943 1645 989; baseline -0.002 -9"><span class='ocrx_word' id='word_1_119' title='bbox 113 947 155 980; x_wconf 82' lang='lat' dir='ltr'><em>tu</em></span> <span class='ocrx_word' id='word_1_120' title='bbox 182 945 213 980; x_wconf 81' lang='lat' dir='ltr'><em>si</em></span> <span class='ocrx_word' id='word_1_121' title='bbox 239 956 321 980; x_wconf 84' lang='lat' dir='ltr'><em>erus</em></span> <span class='ocrx_word' id='word_1_122' title='bbox 347 944 399 978; x_wconf 78' lang='lat' dir='ltr'><em>mi</em></span> <span class='ocrx_word' id='word_1_123' title='bbox 426 944 491 979; x_wconf 70' lang='lat' dir='ltr'><em>es?</em></span> <span class='ocrx_word' id='word_1_124' title='bbox 519 965 562 970; x_wconf 93' lang='lat'>—</span> <span class='ocrx_word' id='word_1_125' title='bbox 590 946 701 988; x_wconf 63' lang='lat' dir='ltr'><em>atque</em></span> <span class='ocrx_word' id='word_1_126' title='bbox 729 947 798 989; x_wconf 72' lang='lat' dir='ltr'><em>ego</em></span> <span class='ocrx_word' id='word_1_127' title='bbox 826 945 909 989; x_wconf 86' lang='lat' dir='ltr'><em>(ego</em></span> <span class='ocrx_word' id='word_1_128' title='bbox 937 955 1016 979; x_wconf 80' lang='lat' dir='ltr'><em>esse</em></span> <span class='ocrx_word' id='word_1_129' title='bbox 1042 944 1312 987; x_wconf 72' lang='lat' dir='ltr'><em>Fleckeisenus)</em></span> <span class='ocrx_word' id='word_1_130' title='bbox 1346 955 1405 978; x_wconf 81' lang='lat' dir='ltr'><em>me</em></span> <span class='ocrx_word' id='word_1_131' title='bbox 1431 946 1536 977; x_wconf 72' lang='lat' dir='ltr'><em>tuum</em></span> <span class='ocrx_word' id='word_1_132' title='bbox 1563 943 1645 977; x_wconf 65' lang='lat' dir='ltr'><em>Sor-</em></span> 
     </span>
     <span class='ocr_line' id='line_1_15' title="bbox 114 997 1646 1043; baseline -0.001 -10"><span class='ocrx_word' id='word_1_133' title='bbox 114 1010 199 1033; x_wconf 82' lang='lat' dir='ltr'><em>uum</em></span> <span class='ocrx_word' id='word_1_134' title='bbox 227 997 404 1033; x_wconf 80' lang='lat' dir='ltr'><em>assimulo</em></span> <span class='ocrx_word' id='word_1_135' title='bbox 505 1000 616 1033; x_wconf 60' lang='lat' dir='ltr'><em>calito</em></span> <span class='ocrx_word' id='word_1_136' title='bbox 643 999 754 1043; x_wconf 69' lang='lat' dir='ltr'><em>opust</em></span> <span class='ocrx_word' id='word_1_137' title='bbox 779 997 1027 1034; x_wconf 83' lang='lat' dir='ltr'><em>Hermannus.</em></span> <span class='ocrx_word' id='word_1_138' title='bbox 1080 998 1228 1032; x_wconf 86' lang='lat' dir='ltr'><em>Iambos</em></span> <span class='ocrx_word' id='word_1_139' title='bbox 1254 998 1402 1041; x_wconf 78' lang='lat' dir='ltr'><em>aqnovit</em></span> <span class='ocrx_word' id='word_1_140' title='bbox 1428 997 1646 1032; x_wconf 79' lang='lat' dir='ltr'><em>Studemun-</em></span> 
     </span>
     <span class='ocr_line' id='line_1_16' title="bbox 114 1049 1699 1096; baseline -0.003 -9"><span class='ocrx_word' id='word_1_141' title='bbox 114 1053 183 1087; x_wconf 83' lang='lat' dir='ltr'><em>(lus</em></span> <span class='ocrx_word' id='word_1_142' title='bbox 207 1053 250 1087; x_wconf 87' lang='lat' dir='ltr'><em>cle</em></span> <span class='ocrx_word' id='word_1_143' title='bbox 275 1056 368 1087; x_wconf 85' lang='lat' dir='ltr'><em>cant.</em></span> <span class='ocrx_word' id='word_1_144' title='bbox 391 1063 430 1096; x_wconf 87' lang='lat' dir='ltr'><em>p.</em></span> <span class='ocrx_word' id='word_1_145' title='bbox 453 1055 509 1087; x_wconf 83' lang='lat'><em>6¹9.</em></span> <span class='ocrx_word' id='word_1_146' title='bbox 556 1063 636 1087; x_wconf 83' lang='lat' dir='ltr'><em>esse</em></span> <span class='ocrx_word' id='word_1_147' title='bbox 664 1052 810 1086; x_wconf 59' lang='lat' dir='ltr'><em>soruom</em></span> <span class='ocrx_word' id='word_1_148' title='bbox 843 1063 901 1086; x_wconf 73' lang='lat' dir='ltr'><em>me</em></span> <span class='ocrx_word' id='word_1_149' title='bbox 928 1051 1112 1085; x_wconf 69' lang='lat' dir='ltr'><em>adsimulo</em></span> <span class='ocrx_word' id='word_1_150' title='bbox 1144 1052 1249 1085; x_wconf 74' lang='lat' dir='ltr'><em>tuom</em></span> <span class='ocrx_word' id='word_1_151' title='bbox 1275 1049 1490 1096; x_wconf 73' lang='lat' dir='ltr'><em>Spenqelius</em></span> <span class='ocrx_word' id='word_1_152' title='bbox 1517 1050 1652 1085; x_wconf 83' lang='lat' dir='ltr'><em>Pliilol.</em></span> <span class='ocrx_word' id='word_1_153' title='bbox 1692 1060 1699 1066; x_wconf 51' lang='lat'>⁹</span> 
     </span>
     <span class='ocr_line' id='line_1_17' title="bbox 118 1103 1652 1150; baseline -0.001 -11"><span class='ocrx_word' id='word_1_154' title='bbox 118 1105 335 1140; x_wconf 80' lang='lat' dir='ltr'><em>XXXVII</em></span> <span class='ocrx_word' id='word_1_155' title='bbox 348 1117 387 1150; x_wconf 93' lang='lat' dir='ltr'><em>p.</em></span> <span class='ocrx_word' id='word_1_156' title='bbox 416 1108 484 1140; x_wconf 75' lang='lat'><em>431</em></span> <span class='ocrx_word' id='word_1_157' title='bbox 514 1106 573 1149; x_wconf 82' lang='lat' dir='ltr'><em>(cf.</em></span> <span class='ocrx_word' id='word_1_158' title='bbox 610 1105 724 1148; x_wconf 73' lang='lat' dir='ltr'><em>‘Refi&#39;</em></span> <span class='ocrx_word' id='word_1_159' title='bbox 758 1117 795 1149; x_wconf 87' lang='lat' dir='ltr'><em>p.</em></span> <span class='ocrx_word' id='word_1_160' title='bbox 823 1107 919 1148; x_wconf 83' lang='lat'><em>117).</em></span> <span class='ocrx_word' id='word_1_161' title='bbox 980 1103 1141 1138; x_wconf 83' lang='lat' dir='ltr'><em>Ceterum</em></span> <span class='ocrx_word' id='word_1_162' title='bbox 1173 1115 1204 1138; x_wconf 84' lang='lat' dir='ltr'><em>v.</em></span> <span class='ocrx_word' id='word_1_163' title='bbox 1239 1106 1309 1136; x_wconf 81' lang='grc'>224</span> <span class='ocrx_word' id='word_1_164' title='bbox 1341 1103 1431 1147; x_wconf 89' lang='lat' dir='ltr'><em>(non</em></span> <span class='ocrx_word' id='word_1_165' title='bbox 1457 1104 1546 1147; x_wconf 78' lang='grc'>225)</span> <span class='ocrx_word' id='word_1_166' title='bbox 1581 1103 1652 1138; x_wconf 84' lang='lat' dir='ltr'><em>hoc</em></span> 
     </span>
     <span class='ocr_line' id='line_1_18' title="bbox 113 1156 1653 1205; baseline -0.003 -11"><span class='ocrx_word' id='word_1_167' title='bbox 113 1160 289 1195; x_wconf 77' lang='lat' dir='ltr'><em>deleverat</em></span> <span class='ocrx_word' id='word_1_168' title='bbox 316 1159 491 1205; x_wconf 78' lang='lat' dir='ltr'><em>Pylades,</em></span> <span class='ocrx_word' id='word_1_169' title='bbox 523 1160 587 1194; x_wconf 88' lang='lat' dir='ltr'><em>ubi</em></span> <span class='ocrx_word' id='word_1_170' title='bbox 613 1159 654 1193; x_wconf 73' lang='lat' dir='ltr'><em>ut</em></span> <span class='ocrx_word' id='word_1_171' title='bbox 679 1159 749 1193; x_wconf 87' lang='lat' dir='ltr'><em>hoc</em></span> <span class='ocrx_word' id='word_1_172' title='bbox 783 1158 904 1192; x_wconf 82' lang='lat' dir='ltr'><em>sobrie</em></span> <span class='ocrx_word' id='word_1_173' title='bbox 937 1157 1114 1191; x_wconf 74' lang='lat' dir='ltr'><em>adcurate</em></span> <span class='ocrx_word' id='word_1_174' title='bbox 1142 1156 1302 1200; x_wconf 82' lang='lat' dir='ltr'><em>Sineque</em></span> <span class='ocrx_word' id='word_1_175' title='bbox 1335 1156 1485 1190; x_wconf 73' lang='lat' dir='ltr'><em>arbitris</em></span> <span class='ocrx_word' id='word_1_176' title='bbox 1519 1158 1653 1201; x_wconf 72' lang='lat' dir='ltr'><em>agatur</em></span> 
     </span>
     <span class='ocr_line' id='line_1_19' title="bbox 117 1209 1397 1256; baseline -0.002 -9"><span class='ocrx_word' id='word_1_177' title='bbox 117 1212 376 1256; x_wconf 74' lang='lat' dir='ltr'><em>transponcbat</em></span> <span class='ocrx_word' id='word_1_178' title='bbox 401 1211 572 1254; x_wconf 83' lang='lat' dir='ltr'><em>Botliius,</em></span> <span class='ocrx_word' id='word_1_179' title='bbox 599 1211 676 1246; x_wconf 84' lang='lat' dir='ltr'><em>sine</em></span> <span class='ocrx_word' id='word_1_180' title='bbox 704 1211 856 1247; x_wconf 74' lang='lat' dir='ltr'><em>arbitris</em></span> <span class='ocrx_word' id='word_1_181' title='bbox 883 1211 980 1245; x_wconf 82' lang='lat' dir='ltr'><em>inter</em></span> <span class='ocrx_word' id='word_1_182' title='bbox 1006 1211 1083 1245; x_wconf 88' lang='lat' dir='ltr'><em>alia</em></span> <span class='ocrx_word' id='word_1_183' title='bbox 1109 1221 1200 1245; x_wconf 79' lang='lat' dir='ltr'><em>corr.</em></span> <span class='ocrx_word' id='word_1_184' title='bbox 1231 1209 1397 1245; x_wconf 77' lang='lat' dir='ltr'><em>Guietus.</em></span> 
     </span>
    </p>

    <p class='ocr_par' dir='ltr' id='par_1_6' title="bbox 213 1264 996 1309">
     <span class='ocr_line' id='line_1_20' title="bbox 213 1264 996 1309; baseline -0.001 -10"><span class='ocrx_word' id='word_1_185' title='bbox 213 1269 292 1300; x_wconf 83' lang='grc'>227.</span> <span class='ocrx_word' id='word_1_186' title='bbox 320 1264 472 1309; x_wconf 65' lang='lat' dir='ltr'><em>inceptu</em></span> <span class='ocrx_word' id='word_1_187' title='bbox 498 1265 693 1300; x_wconf 79' lang='lat' dir='ltr'><em>Aciclalius</em></span> <span class='ocrx_word' id='word_1_188' title='bbox 719 1264 847 1300; x_wconf 72' lang='lat' dir='ltr'><em>Dicin.</em></span> <span class='ocrx_word' id='word_1_189' title='bbox 871 1275 909 1308; x_wconf 92' lang='lat' dir='ltr'><em>p.</em></span> <span class='ocrx_word' id='word_1_190' title='bbox 939 1267 996 1299; x_wconf 70' lang='lat'><em>94.</em></span> 
     </span>
    </p>

    <p class='ocr_par' dir='ltr' id='par_1_7' title="bbox 119 1315 1652 1415">
     <span class='ocr_line' id='line_1_21' title="bbox 210 1315 1652 1362; baseline -0.001 -9"><span class='ocrx_word' id='word_1_191' title='bbox 210 1323 290 1353; x_wconf 89' lang='grc'>231.</span> <span class='ocrx_word' id='word_1_192' title='bbox 319 1318 412 1353; x_wconf 81' lang='lat' dir='ltr'><em>scire</em></span> <span class='ocrx_word' id='word_1_193' title='bbox 439 1320 527 1352; x_wconf 80' lang='lat' dir='ltr'><em>tuno</em></span> <span class='ocrx_word' id='word_1_194' title='bbox 553 1319 648 1362; x_wconf 82' lang='lat' dir='ltr'><em>(tum</em></span> <span class='ocrx_word' id='word_1_195' title='bbox 679 1319 833 1362; x_wconf 87' lang='lat' dir='ltr'><em>Pareus)</em></span> <span class='ocrx_word' id='word_1_196' title='bbox 861 1320 1046 1352; x_wconf 73' lang='lat' dir='ltr'><em>memento</em></span> <span class='ocrx_word' id='word_1_197' title='bbox 1075 1318 1244 1362; x_wconf 70' lang='lat' dir='ltr'><em>Pylades.</em></span> <span class='ocrx_word' id='word_1_198' title='bbox 1273 1317 1365 1352; x_wconf 71' lang='lat' dir='ltr'><em>scito</em></span> <span class='ocrx_word' id='word_1_199' title='bbox 1393 1315 1558 1351; x_wconf 83' lang='lat' dir='ltr'><em>Guietus.</em></span> <span class='ocrx_word' id='word_1_200' title='bbox 1588 1316 1652 1359; x_wconf 76' lang='lat' dir='ltr'><em>sie,</em></span> 
     </span>
     <span class='ocr_line' id='line_1_22' title="bbox 119 1370 1202 1415; baseline 0 -10"><span class='ocrx_word' id='word_1_201' title='bbox 119 1383 192 1415; x_wconf 75' lang='lat' dir='ltr'><em>ere,</em></span> <span class='ocrx_word' id='word_1_202' title='bbox 219 1373 405 1406; x_wconf 78' lang='lat' dir='ltr'><em>memento</em></span> <span class='ocrx_word' id='word_1_203' title='bbox 432 1370 492 1407; x_wconf 52' lang='lat' dir='ltr'><em>Q:</em></span> <span class='ocrx_word' id='word_1_204' title='bbox 517 1372 582 1407; x_wconf 88' lang='lat' dir='ltr'><em>ubi</em></span> <span class='ocrx_word' id='word_1_205' title='bbox 607 1375 727 1407; x_wconf 85' lang='lat' dir='ltr'><em>tamen</em></span> <span class='ocrx_word' id='word_1_206' title='bbox 752 1383 904 1408; x_wconf 89' lang='lat' dir='ltr'><em>caesura</em></span> <span class='ocrx_word' id='word_1_207' title='bbox 929 1372 1050 1406; x_wconf 85' lang='lat' dir='ltr'><em>minus</em></span> <span class='ocrx_word' id='word_1_208' title='bbox 1071 1372 1202 1415; x_wconf 86' lang='lat' dir='ltr'><em>placet.</em></span> 
     </span>
    </p>

    <p class='ocr_par' dir='ltr' id='par_1_8' title="bbox 109 1424 1652 1898">
     <span class='ocr_line' id='line_1_23' title="bbox 210 1424 1651 1469; baseline -0.001 -10"><span class='ocrx_word' id='word_1_209' title='bbox 210 1428 278 1459; x_wconf 92' lang='grc'><em>232</em></span> <span class='ocrx_word' id='word_1_210' title='bbox 292 1436 363 1469; x_wconf 93' lang='lat' dir='ltr'><em>sqq.</em></span> <span class='ocrx_word' id='word_1_211' title='bbox 399 1425 524 1460; x_wconf 88' lang='lat' dir='ltr'><em>Variis</em></span> <span class='ocrx_word' id='word_1_212' title='bbox 543 1426 809 1460; x_wconf 73' lang='lat' dir='ltr'><em>mutationibus</em></span> <span class='ocrx_word' id='word_1_213' title='bbox 830 1426 977 1461; x_wconf 79' lang='lat' dir='ltr'><em>creticos</em></span> <span class='ocrx_word' id='word_1_214' title='bbox 997 1426 1216 1469; x_wconf 76' lang='lat' dir='ltr'><em>affectarunt</em></span> <span class='ocrx_word' id='word_1_215' title='bbox 1237 1424 1474 1459; x_wconf 82' lang='lat' dir='ltr'><em>Hermannus</em></span> <span class='ocrx_word' id='word_1_216' title='bbox 1493 1425 1651 1469; x_wconf 82' lang='lat' dir='ltr'><em>(Morem</em></span> 
     </span>
     <span class='ocr_line' id='line_1_24' title="bbox 109 1477 1650 1524; baseline -0.001 -10"><span class='ocrx_word' id='word_1_217' title='bbox 109 1483 193 1523; x_wconf 88' lang='lat' dir='ltr'><em>post</em></span> <span class='ocrx_word' id='word_1_218' title='bbox 212 1479 352 1513; x_wconf 71' lang='lat' dir='ltr'><em>habent</em></span> <span class='ocrx_word' id='word_1_219' title='bbox 372 1479 556 1523; x_wconf 75' lang='lat' dir='ltr'><em>traiciens,</em></span> <span class='ocrx_word' id='word_1_220' title='bbox 582 1479 666 1514; x_wconf 69' lang='lat' dir='ltr'><em>(lein</em></span> <span class='ocrx_word' id='word_1_221' title='bbox 685 1479 888 1524; x_wconf 70' lang='lat' dir='ltr'><em>impetrant</em></span> <span class='ocrx_word' id='word_1_222' title='bbox 913 1478 952 1512; x_wconf 88' lang='lat' dir='ltr'><em>id</em></span> <span class='ocrx_word' id='word_1_223' title='bbox 973 1482 1004 1513; x_wconf 82' lang='lat' dir='ltr'><em>et</em></span> <span class='ocrx_word' id='word_1_224' title='bbox 1031 1478 1095 1513; x_wconf 83' lang='lat' dir='ltr'><em>sed</em></span> <span class='ocrx_word' id='word_1_225' title='bbox 1115 1477 1153 1511; x_wconf 83' lang='lat' dir='ltr'><em>id</em></span> <span class='ocrx_word' id='word_1_226' title='bbox 1172 1477 1287 1512; x_wconf 83' lang='lat' dir='ltr'><em>iidem</em></span> <span class='ocrx_word' id='word_1_227' title='bbox 1306 1478 1491 1521; x_wconf 82' lang='lat' dir='ltr'><em>scribens),</em></span> <span class='ocrx_word' id='word_1_228' title='bbox 1518 1477 1558 1512; x_wconf 84' lang='lat' dir='ltr'><em>F</em></span> <span class='ocrx_word' id='word_1_229' title='bbox 1562 1477 1650 1512; x_wconf 71' lang='lat' dir='ltr'><em>leclc-</em></span> 
     </span>
     <span class='ocr_line' id='line_1_25' title="bbox 116 1530 1651 1577; baseline -0.001 -10"><span class='ocrx_word' id='word_1_230' title='bbox 116 1534 256 1567; x_wconf 80' lang='lat' dir='ltr'><em>eisenus</em></span> <span class='ocrx_word' id='word_1_231' title='bbox 295 1532 385 1577; x_wconf 82' lang='lat' dir='ltr'><em>(fere</em></span> <span class='ocrx_word' id='word_1_232' title='bbox 413 1536 497 1577; x_wconf 81' lang='lat' dir='ltr'><em>post</em></span> <span class='ocrx_word' id='word_1_233' title='bbox 528 1543 633 1576; x_wconf 78' lang='lat' dir='ltr'><em>pars,</em></span> <span class='ocrx_word' id='word_1_234' title='bbox 665 1532 745 1566; x_wconf 83' lang='lat' dir='ltr'><em>Sibi</em></span> <span class='ocrx_word' id='word_1_235' title='bbox 775 1536 858 1576; x_wconf 88' lang='lat' dir='ltr'><em>post</em></span> <span class='ocrx_word' id='word_1_236' title='bbox 895 1531 1100 1576; x_wconf 74' lang='lat' dir='ltr'><em>impetrant</em></span> <span class='ocrx_word' id='word_1_237' title='bbox 1131 1531 1322 1573; x_wconf 76' lang='lat' dir='ltr'><em>traiciens,</em></span> <span class='ocrx_word' id='word_1_238' title='bbox 1358 1530 1397 1564; x_wconf 79' lang='lat' dir='ltr'><em>id</em></span> <span class='ocrx_word' id='word_1_239' title='bbox 1427 1531 1481 1565; x_wconf 87' lang='lat' dir='ltr'><em>bis</em></span> <span class='ocrx_word' id='word_1_240' title='bbox 1506 1532 1651 1575; x_wconf 82' lang='lat' dir='ltr'><em>delens),</em></span> 
     </span>
     <span class='ocr_line' id='line_1_26' title="bbox 116 1585 1651 1630; baseline 0 -10"><span class='ocrx_word' id='word_1_241' title='bbox 116 1587 274 1620; x_wconf 67' lang='lat' dir='ltr'><em>Bria‘ius</em></span> <span class='ocrx_word' id='word_1_242' title='bbox 314 1586 425 1630; x_wconf 82' lang='lat' dir='ltr'><em>(hunc</em></span> <span class='ocrx_word' id='word_1_243' title='bbox 462 1586 556 1628; x_wconf 79' lang='lat' dir='ltr'><em>falso</em></span> <span class='ocrx_word' id='word_1_244' title='bbox 595 1596 674 1620; x_wconf 82' lang='lat' dir='ltr'><em>cum</em></span> <span class='ocrx_word' id='word_1_245' title='bbox 706 1585 858 1620; x_wconf 76' lang='lat' dir='ltr'><em>Botliio³</em></span> <span class='ocrx_word' id='word_1_246' title='bbox 902 1586 997 1619; x_wconf 81' lang='lat' dir='ltr'><em>inter</em></span> <span class='ocrx_word' id='word_1_247' title='bbox 1034 1595 1210 1619; x_wconf 79' lang='lat' dir='ltr'><em>maxuma</em></span> <span class='ocrx_word' id='word_1_248' title='bbox 1240 1588 1272 1619; x_wconf 86' lang='lat' dir='ltr'><em>et</em></span> <span class='ocrx_word' id='word_1_249' title='bbox 1310 1594 1394 1628; x_wconf 76' lang='lat' dir='ltr'><em>pars</em></span> <span class='ocrx_word' id='word_1_250' title='bbox 1433 1585 1651 1629; x_wconf 70' lang='lat' dir='ltr'><em>inculcans),</em></span> 
     </span>
     <span class='ocr_line' id='line_1_27' title="bbox 117 1637 1651 1685; baseline -0.001 -12"><span class='ocrx_word' id='word_1_251' title='bbox 117 1639 327 1685; x_wconf 74' lang='lat' dir='ltr'><em>Spenqelius</em></span> <span class='ocrx_word' id='word_1_252' title='bbox 356 1639 470 1683; x_wconf 71' lang='lat' dir='ltr'><em>‘Rcfl&#39;</em></span> <span class='ocrx_word' id='word_1_253' title='bbox 494 1650 532 1683; x_wconf 88' lang='lat' dir='ltr'><em>p.</em></span> <span class='ocrx_word' id='word_1_254' title='bbox 560 1643 637 1675; x_wconf 88' lang='grc'>127</span> <span class='ocrx_word' id='word_1_255' title='bbox 669 1640 780 1684; x_wconf 83' lang='lat' dir='ltr'><em>(huno</em></span> <span class='ocrx_word' id='word_1_256' title='bbox 811 1649 952 1674; x_wconf 80' lang='lat' dir='ltr'><em>morem</em></span> <span class='ocrx_word' id='word_1_257' title='bbox 985 1637 1125 1672; x_wconf 74' lang='lat' dir='ltr'><em>habent:</em></span> <span class='ocrx_word' id='word_1_258' title='bbox 1157 1637 1325 1672; x_wconf 81' lang='lat' dir='ltr'><em>homines</em></span> <span class='ocrx_word' id='word_1_259' title='bbox 1356 1648 1441 1680; x_wconf 75' lang='lat' dir='ltr'><em>pars</em></span> <span class='ocrx_word' id='word_1_260' title='bbox 1478 1649 1651 1673; x_wconf 67' lang='lat' dir='ltr'><em>maxuma</em></span> 
     </span>
     <span class='ocr_line' id='line_1_28' title="bbox 116 1691 1652 1738; baseline -0.001 -11"><span class='ocrx_word' id='word_1_261' title='bbox 116 1694 268 1738; x_wconf 80' lang='lat' dir='ltr'><em>ludens).</em></span> <span class='ocrx_word' id='word_1_262' title='bbox 297 1692 464 1727; x_wconf 77' lang='lat' dir='ltr'><em>homines</em></span> <span class='ocrx_word' id='word_1_263' title='bbox 480 1692 672 1738; x_wconf 72' lang='lat' dir='ltr'><em>Vssinqius</em></span> <span class='ocrx_word' id='word_1_264' title='bbox 697 1694 763 1728; x_wconf 84' lang='lat' dir='ltr'><em>del.</em></span> <span class='ocrx_word' id='word_1_265' title='bbox 789 1696 880 1728; x_wconf 84' lang='lat' dir='ltr'><em>recte</em></span> <span class='ocrx_word' id='word_1_266' title='bbox 905 1702 1042 1736; x_wconf 73' lang='lat' dir='ltr'><em>neqans</em></span> <span class='ocrx_word' id='word_1_267' title='bbox 1068 1702 1154 1736; x_wconf 80' lang='lat' dir='ltr'><em>pars</em></span> <span class='ocrx_word' id='word_1_268' title='bbox 1179 1702 1353 1725; x_wconf 72' lang='lat' dir='ltr'><em>maxuma</em></span> <span class='ocrx_word' id='word_1_269' title='bbox 1380 1691 1550 1726; x_wconf 80' lang='lat' dir='ltr'><em>homines</em></span> <span class='ocrx_word' id='word_1_270' title='bbox 1577 1692 1652 1726; x_wconf 75' lang='lat' dir='ltr'><em>clici</em></span> 
     </span>
     <span class='ocr_line' id='line_1_29' title="bbox 111 1745 1649 1791; baseline 0.001 -12"><span class='ocrx_word' id='word_1_271' title='bbox 111 1757 216 1790; x_wconf 79' lang='lat' dir='ltr'><em>posse</em></span> <span class='ocrx_word' id='word_1_272' title='bbox 251 1746 377 1791; x_wconf 85' lang='lat' dir='ltr'><em>(Most.</em></span> <span class='ocrx_word' id='word_1_273' title='bbox 405 1758 436 1782; x_wconf 83' lang='lat' dir='ltr'><em>v.</em></span> <span class='ocrx_word' id='word_1_274' title='bbox 458 1749 504 1781; x_wconf 82' lang='lat'><em>19</em></span> <span class='ocrx_word' id='word_1_275' title='bbox 541 1746 824 1781; x_wconf 79' lang='lat' dir='ltr'><em>dissimillimum</em></span> <span class='ocrx_word' id='word_1_276' title='bbox 860 1746 1074 1781; x_wconf 79' lang='lat' dir='ltr'><em>adscribunt</em></span> <span class='ocrx_word' id='word_1_277' title='bbox 1109 1747 1215 1789; x_wconf 87' lang='lat' dir='ltr'><em>atque</em></span> <span class='ocrx_word' id='word_1_278' title='bbox 1250 1745 1338 1779; x_wconf 83' lang='lat' dir='ltr'><em>adeo</em></span> <span class='ocrx_word' id='word_1_279' title='bbox 1366 1745 1452 1779; x_wconf 84' lang='lat' dir='ltr'><em>Mil.</em></span> <span class='ocrx_word' id='word_1_280' title='bbox 1478 1756 1509 1780; x_wconf 79' lang='lat' dir='ltr'><em>v.</em></span> <span class='ocrx_word' id='word_1_281' title='bbox 1539 1747 1586 1780; x_wconf 88' lang='lat'><em>93</em></span> <span class='ocrx_word' id='word_1_282' title='bbox 1600 1756 1649 1789; x_wconf 79' lang='lat' dir='ltr'><em>sq.</em></span> 
     </span>
     <span class='ocr_line' id='line_1_30' title="bbox 116 1798 1649 1844; baseline 0 -11"><span class='ocrx_word' id='word_1_283' title='bbox 116 1800 309 1843; x_wconf 71' lang='lat' dir='ltr'><em>Schaafius</em></span> <span class='ocrx_word' id='word_1_284' title='bbox 340 1799 382 1834; x_wconf 82' lang='lat' dir='ltr'><em>de</em></span> <span class='ocrx_word' id='word_1_285' title='bbox 412 1811 491 1844; x_wconf 71' lang='lat' dir='ltr'><em>qen.</em></span> <span class='ocrx_word' id='word_1_286' title='bbox 524 1810 594 1835; x_wconf 90' lang='lat' dir='ltr'><em>usu</em></span> <span class='ocrx_word' id='word_1_287' title='bbox 620 1800 680 1834; x_wconf 89' lang='lat' dir='ltr'><em>Pl.</em></span> <span class='ocrx_word' id='word_1_288' title='bbox 707 1800 760 1835; x_wconf 78' lang='lat' dir='ltr'><em>ccl.</em></span> <span class='ocrx_word' id='word_1_289' title='bbox 788 1800 876 1834; x_wconf 84' lang='lat' dir='ltr'><em>Hal.</em></span> <span class='ocrx_word' id='word_1_290' title='bbox 911 1811 943 1834; x_wconf 81' lang='lat' dir='ltr'><em>a.</em></span> <span class='ocrx_word' id='word_1_291' title='bbox 974 1801 1070 1834; x_wconf 71' lang='grc'><em>1881</em></span> <span class='ocrx_word' id='word_1_292' title='bbox 1091 1809 1131 1842; x_wconf 89' lang='lat' dir='ltr'><em>p.</em></span> <span class='ocrx_word' id='word_1_293' title='bbox 1160 1800 1238 1842; x_wconf 54' lang='lat'><em>163.-</em></span> <span class='ocrx_word' id='word_1_294' title='bbox 1271 1801 1309 1832; x_wconf 86' lang='lat' dir='ltr'><em>at</em></span> <span class='ocrx_word' id='word_1_295' title='bbox 1329 1799 1456 1842; x_wconf 86' lang='lat' dir='ltr'><em>potius</em></span> <span class='ocrx_word' id='word_1_296' title='bbox 1476 1799 1548 1834; x_wconf 78' lang='lat' dir='ltr'><em>vim</em></span> <span class='ocrx_word' id='word_1_297' title='bbox 1574 1798 1649 1833; x_wconf 80' lang='lat' dir='ltr'><em>fere</em></span> 
     </span>
     <span class='ocr_line' id='line_1_31' title="bbox 110 1852 1410 1898; baseline -0.002 -10"><span class='ocrx_word' id='word_1_298' title='bbox 110 1853 320 1897; x_wconf 78' lang='lat' dir='ltr'><em>particulae</em></span> <span class='ocrx_word' id='word_1_299' title='bbox 339 1864 407 1897; x_wconf 86' lang='lat' dir='ltr'><em>per</em></span> <span class='ocrx_word' id='word_1_300' title='bbox 433 1864 608 1887; x_wconf 79' lang='lat' dir='ltr'><em>maxuma</em></span> <span class='ocrx_word' id='word_1_301' title='bbox 633 1864 719 1898; x_wconf 83' lang='lat' dir='ltr'><em>pars</em></span> <span class='ocrx_word' id='word_1_302' title='bbox 745 1854 930 1888; x_wconf 81' lang='lat' dir='ltr'><em>illustrari</em></span> <span class='ocrx_word' id='word_1_303' title='bbox 956 1856 987 1887; x_wconf 82' lang='lat' dir='ltr'><em>et</em></span> <span class='ocrx_word' id='word_1_304' title='bbox 1013 1862 1136 1887; x_wconf 86' lang='lat' dir='ltr'><em>versus</em></span> <span class='ocrx_word' id='word_1_305' title='bbox 1162 1855 1195 1886; x_wconf 89' lang='lat' dir='ltr'><em>et</em></span> <span class='ocrx_word' id='word_1_306' title='bbox 1220 1862 1275 1886; x_wconf 85' lang='lat' dir='ltr'><em>res</em></span> <span class='ocrx_word' id='word_1_307' title='bbox 1301 1852 1410 1886; x_wconf 82' lang='lat' dir='ltr'><em>docet.</em></span> 
     </span>
    </p>

    <p class='ocr_par' dir='ltr' id='par_1_9' title="bbox 115 1904 1651 2048">
     <span class='ocr_line' id='line_1_32' title="bbox 211 1904 1651 1951; baseline 0 -10"><span class='ocrx_word' id='word_1_308' title='bbox 211 1910 291 1941; x_wconf 85' lang='grc'>234.</span> <span class='ocrx_word' id='word_1_309' title='bbox 320 1906 413 1941; x_wconf 75' lang='lat' dir='ltr'><em>Sunt</em></span> <span class='ocrx_word' id='word_1_310' title='bbox 438 1906 526 1941; x_wconf 86' lang='lat' dir='ltr'><em>boni</em></span> <span class='ocrx_word' id='word_1_311' title='bbox 552 1907 710 1942; x_wconf 82' lang='lat' dir='ltr'><em>Botliius</em></span> <span class='ocrx_word' id='word_1_312' title='bbox 734 1907 885 1951; x_wconf 83' lang='lat' dir='ltr'><em>itemque</em></span> <span class='ocrx_word' id='word_1_313' title='bbox 906 1909 991 1950; x_wconf 87' lang='lat' dir='ltr'><em>post</em></span> <span class='ocrx_word' id='word_1_314' title='bbox 1016 1906 1109 1940; x_wconf 87' lang='lat' dir='ltr'><em>alios</em></span> <span class='ocrx_word' id='word_1_315' title='bbox 1136 1904 1349 1950; x_wconf 73' lang='lat' dir='ltr'><em>Speriqelius</em></span> <span class='ocrx_word' id='word_1_316' title='bbox 1376 1906 1397 1939; x_wconf 87' lang='lat' dir='ltr'><em>l.</em></span> <span class='ocrx_word' id='word_1_317' title='bbox 1419 1916 1444 1939; x_wconf 94' lang='lat' dir='ltr'><em>s.</em></span> <span class='ocrx_word' id='word_1_318' title='bbox 1465 1916 1492 1940; x_wconf 90' lang='lat' dir='ltr'><em>s.</em></span> <span class='ocrx_word' id='word_1_319' title='bbox 1518 1916 1552 1950; x_wconf 87' lang='lat' dir='ltr'><em>p.</em></span> <span class='ocrx_word' id='word_1_320' title='bbox 1578 1909 1651 1941; x_wconf 81' lang='lat'><em>196</em></span> 
     </span>
     <span class='ocr_line' id='line_1_33' title="bbox 115 1959 1650 2005; baseline -0.001 -10"><span class='ocrx_word' id='word_1_321' title='bbox 115 1962 200 1996; x_wconf 82' lang='lat' dir='ltr'><em>adn.</em></span> <span class='ocrx_word' id='word_1_322' title='bbox 227 1963 253 1995; x_wconf 89' lang='grc'>2</span> <span class='ocrx_word' id='word_1_323' title='bbox 286 1960 347 2005; x_wconf 75' lang='lat' dir='ltr'><em>(cf.</em></span> <span class='ocrx_word' id='word_1_324' title='bbox 375 1963 448 1995; x_wconf 82' lang='lat'><em>130</em></span> <span class='ocrx_word' id='word_1_325' title='bbox 461 1961 525 2005; x_wconf 87' lang='lat' dir='ltr'><em>sq.)</em></span> <span class='ocrx_word' id='word_1_326' title='bbox 557 1961 704 1996; x_wconf 81' lang='lat' dir='ltr'><em>creticos</em></span> <span class='ocrx_word' id='word_1_327' title='bbox 735 1960 912 2003; x_wconf 71' lang='lat' dir='ltr'><em>efficiens,</em></span> <span class='ocrx_word' id='word_1_328' title='bbox 943 1970 1023 1994; x_wconf 83' lang='lat' dir='ltr'><em>cum</em></span> <span class='ocrx_word' id='word_1_329' title='bbox 1054 1962 1174 1994; x_wconf 82' lang='lat' dir='ltr'><em>tamen</em></span> <span class='ocrx_word' id='word_1_330' title='bbox 1207 1959 1329 1994; x_wconf 82' lang='lat' dir='ltr'><em>versui</em></span> <span class='ocrx_word' id='word_1_331' title='bbox 1354 1962 1422 1993; x_wconf 82' lang='lat'><em>235</em></span> <span class='ocrx_word' id='word_1_332' title='bbox 1456 1960 1578 2003; x_wconf 90' lang='lat' dir='ltr'><em>aptior</em></span> <span class='ocrx_word' id='word_1_333' title='bbox 1602 1959 1650 1993; x_wconf 87' lang='lat' dir='ltr'><em>sit</em></span> 
     </span>
     <span class='ocr_line' id='line_1_34' title="bbox 116 2013 568 2048; baseline 0 0"><span class='ocrx_word' id='word_1_334' title='bbox 116 2013 298 2048; x_wconf 81' lang='lat' dir='ltr'><em>conversio</em></span> <span class='ocrx_word' id='word_1_335' title='bbox 324 2023 568 2048; x_wconf 82' lang='lat' dir='ltr'><em>numerorum.</em></span> 
     </span>
    </p>

    <p class='ocr_par' dir='ltr' id='par_1_10' title="bbox 114 2065 1651 2806">
     <span class='ocr_line' id='line_1_35' title="bbox 212 2065 1647 2112; baseline 0 -11"><span class='ocrx_word' id='word_1_336' title='bbox 212 2070 290 2102; x_wconf 87' lang='grc'>235.</span> <span class='ocrx_word' id='word_1_337' title='bbox 319 2067 427 2101; x_wconf 73' lang='lat' dir='ltr'><em>Sunt:</em></span> <span class='ocrx_word' id='word_1_338' title='bbox 454 2068 552 2101; x_wconf 78' lang='lat' dir='ltr'><em>minc</em></span> <span class='ocrx_word' id='word_1_339' title='bbox 578 2069 619 2101; x_wconf 74' lang='lat' dir='ltr'><em>ut</em></span> <span class='ocrx_word' id='word_1_340' title='bbox 644 2069 681 2102; x_wconf 70' lang='lat' dir='ltr'><em>he</em></span> <span class='ocrx_word' id='word_1_341' title='bbox 708 2066 800 2101; x_wconf 79' lang='lat' dir='ltr'><em>mihi</em></span> <span class='ocrx_word' id='word_1_342' title='bbox 826 2066 912 2102; x_wconf 89' lang='lat' dir='ltr'><em>uolo</em></span> <span class='ocrx_word' id='word_1_343' title='bbox 940 2078 1030 2110; x_wconf 79' lang='lat' dir='ltr'><em>esse,</em></span> <span class='ocrx_word' id='word_1_344' title='bbox 1059 2078 1138 2101; x_wconf 83' lang='lat' dir='ltr'><em>esse</em></span> <span class='ocrx_word' id='word_1_345' title='bbox 1166 2066 1318 2100; x_wconf 75' lang='lat' dir='ltr'><em>autumo</em></span> <span class='ocrx_word' id='word_1_346' title='bbox 1342 2065 1559 2101; x_wconf 84' lang='lat' dir='ltr'><em>Gulielmius</em></span> <span class='ocrx_word' id='word_1_347' title='bbox 1583 2068 1647 2112; x_wconf 69' lang='lat' dir='ltr'><em>Qu.</em></span> 
     </span>
     <span class='ocr_line' id='line_1_36' title="bbox 116 2119 1650 2165; baseline 0.001 -11"><span class='ocrx_word' id='word_1_348' title='bbox 116 2121 156 2155; x_wconf 88' lang='lat' dir='ltr'><em>in</em></span> <span class='ocrx_word' id='word_1_349' title='bbox 174 2119 275 2165; x_wconf 67' lang='lat' dir='ltr'><em>Capi.</em></span> <span class='ocrx_word' id='word_1_350' title='bbox 286 2132 325 2165; x_wconf 88' lang='lat' dir='ltr'><em>p.</em></span> <span class='ocrx_word' id='word_1_351' title='bbox 341 2123 412 2155; x_wconf 83' lang='lat'><em>535</em></span> <span class='ocrx_word' id='word_1_352' title='bbox 433 2124 631 2165; x_wconf 85' lang='lat' dir='ltr'><em>praeeunte</em></span> <span class='ocrx_word' id='word_1_353' title='bbox 651 2120 841 2156; x_wconf 82' lang='lat' dir='ltr'><em>Lambino.</em></span> <span class='ocrx_word' id='word_1_354' title='bbox 870 2123 911 2156; x_wconf 69' lang='lat' dir='ltr'><em>fit</em></span> <span class='ocrx_word' id='word_1_355' title='bbox 931 2122 1017 2156; x_wconf 85' lang='lat' dir='ltr'><em>uolo</em></span> <span class='ocrx_word' id='word_1_356' title='bbox 1044 2123 1082 2156; x_wconf 75' lang='lat' dir='ltr'><em>te</em></span> <span class='ocrx_word' id='word_1_357' title='bbox 1109 2120 1160 2155; x_wconf 85' lang='lat' dir='ltr'><em>mi</em></span> <span class='ocrx_word' id='word_1_358' title='bbox 1182 2131 1260 2154; x_wconf 79' lang='lat' dir='ltr'><em>esse</em></span> <span class='ocrx_word' id='word_1_359' title='bbox 1287 2121 1438 2154; x_wconf 74' lang='lat' dir='ltr'><em>autumo</em></span> <span class='ocrx_word' id='word_1_360' title='bbox 1460 2120 1650 2155; x_wconf 83' lang='lat' dir='ltr'><em>Mahlcrus</em></span> 
     </span>
     <span class='ocr_line' id='line_1_37' title="bbox 117 2173 1650 2219; baseline 0.001 -12"><span class='ocrx_word' id='word_1_361' title='bbox 117 2175 159 2208; x_wconf 78' lang='lat' dir='ltr'><em>‹lc</em></span> <span class='ocrx_word' id='word_1_362' title='bbox 184 2184 292 2218; x_wconf 76' lang='lat' dir='ltr'><em>pron.</em></span> <span class='ocrx_word' id='word_1_363' title='bbox 320 2184 414 2218; x_wconf 88' lang='lat' dir='ltr'><em>pers.</em></span> <span class='ocrx_word' id='word_1_364' title='bbox 449 2185 507 2219; x_wconf 87' lang='lat' dir='ltr'><em>ap.</em></span> <span class='ocrx_word' id='word_1_365' title='bbox 544 2174 602 2209; x_wconf 91' lang='lat' dir='ltr'><em>Pl.</em></span> <span class='ocrx_word' id='word_1_366' title='bbox 636 2174 756 2209; x_wconf 86' lang='lat' dir='ltr'><em>colloc.</em></span> <span class='ocrx_word' id='word_1_367' title='bbox 777 2186 816 2219; x_wconf 90' lang='lat' dir='ltr'><em>p.</em></span> <span class='ocrx_word' id='word_1_368' title='bbox 845 2177 900 2209; x_wconf 88' lang='lat'><em>31.</em></span> <span class='ocrx_word' id='word_1_369' title='bbox 928 2174 1042 2209; x_wconf 69' lang='lat' dir='ltr'><em>Fiunt</em></span> <span class='ocrx_word' id='word_1_370' title='bbox 1073 2173 1195 2219; x_wconf 71' lang='lat' dir='ltr'><em>(Sunt)</em></span> <span class='ocrx_word' id='word_1_371' title='bbox 1229 2173 1349 2208; x_wconf 77' lang='lat' dir='ltr'><em>delens</em></span> <span class='ocrx_word' id='word_1_372' title='bbox 1381 2184 1460 2208; x_wconf 86' lang='lat' dir='ltr'><em>cum</em></span> <span class='ocrx_word' id='word_1_373' title='bbox 1497 2173 1650 2208; x_wconf 72' lang='lat' dir='ltr'><em>Botlzio³</em></span> 
     </span>
     <span class='ocr_line' id='line_1_38' title="bbox 115 2226 1650 2273; baseline -0.001 -12"><span class='ocrx_word' id='word_1_374' title='bbox 115 2227 325 2271; x_wconf 78' lang='lat' dir='ltr'><em>resraqante</em></span> <span class='ocrx_word' id='word_1_375' title='bbox 350 2228 495 2273; x_wconf 76' lang='lat' dir='ltr'><em>linqua,</em></span> <span class='ocrx_word' id='word_1_376' title='bbox 523 2228 631 2262; x_wconf 79' lang='lat' dir='ltr'><em>iamb.</em></span> <span class='ocrx_word' id='word_1_377' title='bbox 657 2228 742 2263; x_wconf 83' lang='lat' dir='ltr'><em>clim.</em></span> <span class='ocrx_word' id='word_1_378' title='bbox 768 2228 987 2263; x_wconf 82' lang='lat' dir='ltr'><em>constituens</em></span> <span class='ocrx_word' id='word_1_379' title='bbox 1012 2228 1222 2273; x_wconf 60' lang='lat' dir='ltr'><em>refragante</em></span> <span class='ocrx_word' id='word_1_380' title='bbox 1241 2229 1351 2261; x_wconf 87' lang='lat' dir='ltr'><em>metro</em></span> <span class='ocrx_word' id='word_1_381' title='bbox 1371 2227 1430 2271; x_wconf 82' lang='lat' dir='ltr'><em>(cf.</em></span> <span class='ocrx_word' id='word_1_382' title='bbox 1454 2226 1650 2271; x_wconf 74' lang='lat' dir='ltr'><em>Seysl&#39;crtus</em></span> 
     </span>
     <span class='ocr_line' id='line_1_39' title="bbox 117 2279 1651 2325; baseline 0 -11"><span class='ocrx_word' id='word_1_383' title='bbox 117 2281 138 2314; x_wconf 91' lang='lat' dir='ltr'><em>l.</em></span> <span class='ocrx_word' id='word_1_384' title='bbox 150 2291 177 2314; x_wconf 88' lang='lat' dir='ltr'><em>s.</em></span> <span class='ocrx_word' id='word_1_385' title='bbox 189 2291 215 2315; x_wconf 92' lang='lat' dir='ltr'><em>s.</em></span> <span class='ocrx_word' id='word_1_386' title='bbox 222 2281 399 2324; x_wconf 75' lang='lat' dir='ltr'><em>p.1352),</em></span> <span class='ocrx_word' id='word_1_387' title='bbox 424 2280 629 2315; x_wconf 79' lang='lat' dir='ltr'><em>Philocrati</em></span> <span class='ocrx_word' id='word_1_388' title='bbox 653 2281 740 2316; x_wconf 79' lang='lat' dir='ltr'><em>haec</em></span> <span class='ocrx_word' id='word_1_389' title='bbox 765 2282 875 2316; x_wconf 79' lang='lat' dir='ltr'><em>verba</em></span> <span class='ocrx_word' id='word_1_390' title='bbox 896 2292 976 2316; x_wconf 85' lang='lat' dir='ltr'><em>cum</em></span> <span class='ocrx_word' id='word_1_391' title='bbox 997 2281 1114 2316; x_wconf 80' lang='lat' dir='ltr'><em>tribus</em></span> <span class='ocrx_word' id='word_1_392' title='bbox 1133 2292 1165 2315; x_wconf 80' lang='lat' dir='ltr'><em>v.</em></span> <span class='ocrx_word' id='word_1_393' title='bbox 1185 2280 1413 2325; x_wconf 74' lang='lat' dir='ltr'><em>sequentibus</em></span> <span class='ocrx_word' id='word_1_394' title='bbox 1439 2279 1651 2324; x_wconf 70' lang='lat' dir='ltr'><em>Spenqelius</em></span> 
     </span>
     <span class='ocr_line' id='line_1_40' title="bbox 115 2333 1649 2380; baseline 0 -12"><span class='ocrx_word' id='word_1_395' title='bbox 115 2334 214 2368; x_wconf 76' lang='lat' dir='ltr'><em>dedu</em></span> <span class='ocrx_word' id='word_1_396' title='bbox 240 2333 372 2368; x_wconf 74' lang='lat' dir='ltr'><em>Pltilol.</em></span> <span class='ocrx_word' id='word_1_397' title='bbox 402 2333 620 2367; x_wconf 82' lang='lat' dir='ltr'><strong><em>XXXVII</em></strong></span> <span class='ocrx_word' id='word_1_398' title='bbox 632 2345 670 2379; x_wconf 89' lang='lat' dir='ltr'><em>p.</em></span> <span class='ocrx_word' id='word_1_399' title='bbox 687 2336 757 2369; x_wconf 76' lang='lat'><em>431</em></span> <span class='ocrx_word' id='word_1_400' title='bbox 784 2335 994 2380; x_wconf 64' lang='lat' dir='ltr'><em>refragante</em></span> <span class='ocrx_word' id='word_1_401' title='bbox 1019 2335 1210 2378; x_wconf 86' lang='lat' dir='ltr'><em>sententia,</em></span> <span class='ocrx_word' id='word_1_402' title='bbox 1237 2344 1457 2379; x_wconf 85' lang='lat' dir='ltr'><em>quamquam</em></span> <span class='ocrx_word' id='word_1_403' title='bbox 1477 2335 1649 2378; x_wconf 78' lang='lat' dir='ltr'><em>probavit</em></span> 
     </span>
     <span class='ocr_line' id='line_1_41' title="bbox 117 2386 1647 2423; baseline 0 -2"><span class='ocrx_word' id='word_1_404' title='bbox 117 2387 285 2422; x_wconf 75' lang='lat' dir='ltr'><em>Briaeius.</em></span> <span class='ocrx_word' id='word_1_405' title='bbox 340 2386 430 2421; x_wconf 86' lang='lat' dir='ltr'><em>Post</em></span> <span class='ocrx_word' id='word_1_406' title='bbox 455 2386 551 2421; x_wconf 86' lang='lat' dir='ltr'><em>hunc</em></span> <span class='ocrx_word' id='word_1_407' title='bbox 575 2398 717 2422; x_wconf 83' lang='lat' dir='ltr'><em>versum</em></span> <span class='ocrx_word' id='word_1_408' title='bbox 742 2389 913 2423; x_wconf 84' lang='lat' dir='ltr'><em>maiorem</em></span> <span class='ocrx_word' id='word_1_409' title='bbox 940 2389 1110 2423; x_wconf 87' lang='lat' dir='ltr'><em>lacunam</em></span> <span class='ocrx_word' id='word_1_410' title='bbox 1142 2389 1272 2423; x_wconf 83' lang='lat' dir='ltr'><em>statuit</em></span> <span class='ocrx_word' id='word_1_411' title='bbox 1297 2387 1494 2422; x_wconf 83' lang='lat' dir='ltr'><em>Acidalius</em></span> <span class='ocrx_word' id='word_1_412' title='bbox 1520 2387 1647 2421; x_wconf 66' lang='lat' dir='ltr'><em>Dicin.</em></span> 
     </span>
     <span class='ocr_line' id='line_1_42' title="bbox 114 2440 1647 2485; baseline 0 -11"><span class='ocrx_word' id='word_1_413' title='bbox 114 2452 149 2485; x_wconf 87' lang='lat' dir='ltr'><em>p.</em></span> <span class='ocrx_word' id='word_1_414' title='bbox 177 2442 225 2475; x_wconf 83' lang='lat'><em>93</em></span> <span class='ocrx_word' id='word_1_415' title='bbox 245 2440 490 2485; x_wconf 85' lang='lat' dir='ltr'><em>probantibus</em></span> <span class='ocrx_word' id='word_1_416' title='bbox 519 2440 768 2485; x_wconf 69' lang='lat' dir='ltr'><em>Fleclceiseno,</em></span> <span class='ocrx_word' id='word_1_417' title='bbox 801 2441 917 2484; x_wconf 68' lang='lat' dir='ltr'><em>Eltio,</em></span> <span class='ocrx_word' id='word_1_418' title='bbox 949 2441 1169 2485; x_wconf 83' lang='lat' dir='ltr'><em>Dombarto,</em></span> <span class='ocrx_word' id='word_1_419' title='bbox 1200 2442 1304 2476; x_wconf 80' lang='lat' dir='ltr'><em>aliis:</em></span> <span class='ocrx_word' id='word_1_420' title='bbox 1337 2441 1401 2485; x_wconf 87' lang='lat' dir='ltr'><em>qui</em></span> <span class='ocrx_word' id='word_1_421' title='bbox 1431 2452 1463 2475; x_wconf 81' lang='lat' dir='ltr'><em>v.</em></span> <span class='ocrx_word' id='word_1_422' title='bbox 1491 2444 1558 2475; x_wconf 85' lang='grc'>237</span> <span class='ocrx_word' id='word_1_423' title='bbox 1585 2445 1647 2475; x_wconf 76' lang='lat' dir='ltr'><em>aul</em></span> 
     </span>
     <span class='ocr_line' id='line_1_43' title="bbox 118 2493 1645 2539; baseline 0.001 -12"><span class='ocrx_word' id='word_1_424' title='bbox 118 2493 325 2528; x_wconf 83' lang='lat' dir='ltr'><em>tribuerunt</em></span> <span class='ocrx_word' id='word_1_425' title='bbox 358 2493 533 2539; x_wconf 78' lang='lat' dir='ltr'><em>Tyndaro</em></span> <span class='ocrx_word' id='word_1_426' title='bbox 566 2506 645 2529; x_wconf 84' lang='lat' dir='ltr'><em>cum</em></span> <span class='ocrx_word' id='word_1_427' title='bbox 681 2494 889 2530; x_wconf 81' lang='lat' dir='ltr'><em>Camerario</em></span> <span class='ocrx_word' id='word_1_428' title='bbox 921 2498 987 2529; x_wconf 80' lang='lat' dir='ltr'><em>aut</em></span> <span class='ocrx_word' id='word_1_429' title='bbox 1018 2495 1243 2539; x_wconf 83' lang='lat' dir='ltr'><em>reliquerunt</em></span> <span class='ocrx_word' id='word_1_430' title='bbox 1275 2506 1354 2530; x_wconf 89' lang='lat' dir='ltr'><em>cum</em></span> <span class='ocrx_word' id='word_1_431' title='bbox 1380 2495 1561 2530; x_wconf 87' lang='lat' dir='ltr'><em>Lambino</em></span> <span class='ocrx_word' id='word_1_432' title='bbox 1593 2496 1645 2529; x_wconf 83' lang='lat' dir='ltr'><em>in-</em></span> 
     </span>
     <span class='ocr_line' id='line_1_44' title="bbox 117 2547 1650 2592; baseline 0.001 -12"><span class='ocrx_word' id='word_1_433' title='bbox 117 2547 218 2581; x_wconf 87' lang='lat' dir='ltr'><em>sulsa</em></span> <span class='ocrx_word' id='word_1_434' title='bbox 242 2547 355 2591; x_wconf 84' lang='lat' dir='ltr'><em>plane</em></span> <span class='ocrx_word' id='word_1_435' title='bbox 380 2548 577 2591; x_wconf 85' lang='lat' dir='ltr'><em>sententia,</em></span> <span class='ocrx_word' id='word_1_436' title='bbox 603 2549 709 2592; x_wconf 84' lang='lat' dir='ltr'><em>quasi</em></span> <span class='ocrx_word' id='word_1_437' title='bbox 735 2549 835 2591; x_wconf 77' lang='lat' dir='ltr'><em>filius</em></span> <span class='ocrx_word' id='word_1_438' title='bbox 860 2548 967 2592; x_wconf 83' lang='lat' dir='ltr'><em>patri</em></span> <span class='ocrx_word' id='word_1_439' title='bbox 994 2549 1145 2592; x_wconf 73' lang='lat' dir='ltr'><em>pietatis</em></span> <span class='ocrx_word' id='word_1_440' title='bbox 1177 2559 1289 2583; x_wconf 86' lang='lat' dir='ltr'><em>causa</em></span> <span class='ocrx_word' id='word_1_441' title='bbox 1322 2549 1476 2583; x_wconf 87' lang='lat' dir='ltr'><em>consilia</em></span> <span class='ocrx_word' id='word_1_442' title='bbox 1502 2549 1558 2582; x_wconf 70' lang='lat' dir='ltr'><em>(let</em></span> <span class='ocrx_word' id='word_1_443' title='bbox 1584 2548 1650 2591; x_wconf 81' lang='lat' dir='ltr'><em>(sic</em></span> 
     </span>
     <span class='ocr_line' id='line_1_45' title="bbox 127 2599 1648 2646; baseline 0 -12"><span class='ocrx_word' id='word_1_444' title='bbox 127 2599 318 2643; x_wconf 69' lang='lat' dir='ltr'><em>Vssinqius</em></span> <span class='ocrx_word' id='word_1_445' title='bbox 342 2602 505 2645; x_wconf 87' lang='lat' dir='ltr'><em>quoque).</em></span> <span class='ocrx_word' id='word_1_446' title='bbox 543 2601 660 2635; x_wconf 82' lang='lat' dir='ltr'><em>Immo</em></span> <span class='ocrx_word' id='word_1_447' title='bbox 683 2600 911 2636; x_wconf 82' lang='lat' dir='ltr'><em>Philocrates</em></span> <span class='ocrx_word' id='word_1_448' title='bbox 937 2602 1027 2636; x_wconf 81' lang='lat' dir='ltr'><em>dicit</em></span> <span class='ocrx_word' id='word_1_449' title='bbox 1053 2602 1152 2646; x_wconf 87' lang='lat' dir='ltr'><em>quod</em></span> <span class='ocrx_word' id='word_1_450' title='bbox 1178 2601 1249 2636; x_wconf 74' lang='lat' dir='ltr'><em>tibi</em></span> <span class='ocrx_word' id='word_1_451' title='bbox 1274 2602 1410 2636; x_wconf 82' lang='lat' dir='ltr'><em>suadeo</em></span> <span class='ocrx_word' id='word_1_452' title='bbox 1438 2602 1527 2645; x_wconf 83' lang='lat' dir='ltr'><em>(scil.</em></span> <span class='ocrx_word' id='word_1_453' title='bbox 1553 2611 1648 2634; x_wconf 86' lang='lat' dir='ltr'><em>nunc</em></span> 
     </span>
     <span class='ocr_line' id='line_1_46' title="bbox 118 2653 1649 2699; baseline -0.001 -12"><span class='ocrx_word' id='word_1_454' title='bbox 118 2655 160 2688; x_wconf 72' lang='lat' dir='ltr'><em>ut</em></span> <span class='ocrx_word' id='word_1_455' title='bbox 183 2653 280 2687; x_wconf 82' lang='lat' dir='ltr'><em>liber</em></span> <span class='ocrx_word' id='word_1_456' title='bbox 312 2653 361 2687; x_wconf 78' lang='lat' dir='ltr'><em>sis</em></span> <span class='ocrx_word' id='word_1_457' title='bbox 395 2665 507 2689; x_wconf 83' lang='lat' dir='ltr'><em>causa</em></span> <span class='ocrx_word' id='word_1_458' title='bbox 532 2655 650 2698; x_wconf 81' lang='lat' dir='ltr'><em>mea),</em></span> <span class='ocrx_word' id='word_1_459' title='bbox 684 2653 772 2688; x_wconf 89' lang='lat' dir='ltr'><em>olim</em></span> <span class='ocrx_word' id='word_1_460' title='bbox 809 2654 987 2689; x_wconf 81' lang='lat' dir='ltr'><em>suadeam</em></span> <span class='ocrx_word' id='word_1_461' title='bbox 1012 2655 1113 2699; x_wconf 75' lang='lat' dir='ltr'><em>patri</em></span> <span class='ocrx_word' id='word_1_462' title='bbox 1145 2656 1235 2699; x_wconf 87' lang='lat' dir='ltr'><em>(scil.</em></span> <span class='ocrx_word' id='word_1_463' title='bbox 1264 2654 1355 2689; x_wconf 88' lang='lat' dir='ltr'><em>olim</em></span> <span class='ocrx_word' id='word_1_464' title='bbox 1381 2655 1423 2689; x_wconf 71' lang='lat' dir='ltr'><em>ut</em></span> <span class='ocrx_word' id='word_1_465' title='bbox 1456 2655 1493 2687; x_wconf 74' lang='lat' dir='ltr'><em>te</em></span> <span class='ocrx_word' id='word_1_466' title='bbox 1519 2664 1649 2687; x_wconf 80' lang='lat' dir='ltr'><em>reuera</em></span> 
     </span>
     <span class='ocr_line' id='line_1_47' title="bbox 120 2705 1645 2753; baseline 0.001 -13"><span class='ocrx_word' id='word_1_467' title='bbox 120 2705 271 2750; x_wconf 77' lang='lat' dir='ltr'><em>liberet,</em></span> <span class='ocrx_word' id='word_1_468' title='bbox 297 2717 366 2751; x_wconf 82' lang='lat' dir='ltr'><em>quo</em></span> <span class='ocrx_word' id='word_1_469' title='bbox 391 2710 612 2752; x_wconf 83' lang='lat' dir='ltr'><em>spectaverat</em></span> <span class='ocrx_word' id='word_1_470' title='bbox 641 2707 837 2753; x_wconf 78' lang='lat' dir='ltr'><em>Tyndarus</em></span> <span class='ocrx_word' id='word_1_471' title='bbox 862 2720 892 2742; x_wconf 78' lang='lat' dir='ltr'><em>c.</em></span> <span class='ocrx_word' id='word_1_472' title='bbox 921 2711 1160 2751; x_wconf 72' lang='lat'><em>231—236).</em></span> <span class='ocrx_word' id='word_1_473' title='bbox 1199 2709 1325 2753; x_wconf 87' lang='lat' dir='ltr'><em>Neque</em></span> <span class='ocrx_word' id='word_1_474' title='bbox 1349 2710 1441 2742; x_wconf 83' lang='lat' dir='ltr'><em>recte</em></span> <span class='ocrx_word' id='word_1_475' title='bbox 1463 2718 1493 2741; x_wconf 73' lang='lat' dir='ltr'><em>c.</em></span> <span class='ocrx_word' id='word_1_476' title='bbox 1509 2709 1586 2742; x_wconf 84' lang='grc'>236</span> <span class='ocrx_word' id='word_1_477' title='bbox 1598 2717 1645 2750; x_wconf 86' lang='lat' dir='ltr'><em>sq.</em></span> 
     </span>
     <span class='ocr_line' id='line_1_48' title="bbox 119 2759 1113 2806; baseline 0.002 -13"><span class='ocrx_word' id='word_1_478' title='bbox 119 2760 184 2794; x_wconf 81' lang='lat' dir='ltr'><em>del.</em></span> <span class='ocrx_word' id='word_1_479' title='bbox 211 2759 412 2805; x_wconf 78' lang='lat' dir='ltr'><em>Lanqenus</em></span> <span class='ocrx_word' id='word_1_480' title='bbox 440 2760 564 2796; x_wconf 88' lang='lat' dir='ltr'><em>Plaut.</em></span> <span class='ocrx_word' id='word_1_481' title='bbox 592 2760 694 2796; x_wconf 78' lang='lat' dir='ltr'><em>Stud.</em></span> <span class='ocrx_word' id='word_1_482' title='bbox 720 2772 757 2805; x_wconf 85' lang='lat' dir='ltr'><em>p.</em></span> <span class='ocrx_word' id='word_1_483' title='bbox 784 2764 868 2797; x_wconf 86' lang='grc'>272.</span> <span class='ocrx_word' id='word_1_484' title='bbox 916 2760 970 2805; x_wconf 79' lang='lat' dir='ltr'><em>Cf.</em></span> <span class='ocrx_word' id='word_1_485' title='bbox 995 2763 1113 2806; x_wconf 81' lang='lat' dir='ltr'><em>praef.</em></span> 
     </span>
    </p>

    <p class='ocr_par' dir='ltr' id='par_1_11' title="bbox 213 2812 1564 2860">
     <span class='ocr_line' id='line_1_49' title="bbox 213 2812 1564 2860; baseline 0.001 -14"><span class='ocrx_word' id='word_1_486' title='bbox 213 2816 292 2847; x_wconf 84' lang='lat'><em>238.</em></span> <span class='ocrx_word' id='word_1_487' title='bbox 323 2816 358 2847; x_wconf 83' lang='lat' dir='ltr'><em>te</em></span> <span class='ocrx_word' id='word_1_488' title='bbox 385 2812 415 2847; x_wconf 89' lang='lat' dir='ltr'><em>si</em></span> <span class='ocrx_word' id='word_1_489' title='bbox 445 2812 623 2849; x_wconf 81' lang='lat' dir='ltr'><em>Gruterus</em></span> <span class='ocrx_word' id='word_1_490' title='bbox 649 2815 934 2849; x_wconf 79' lang='lat' dir='ltr'><em>adsentientibus</em></span> <span class='ocrx_word' id='word_1_491' title='bbox 954 2816 1154 2860; x_wconf 83' lang='lat' dir='ltr'><em>plerisque:</em></span> <span class='ocrx_word' id='word_1_492' title='bbox 1181 2814 1212 2848; x_wconf 85' lang='lat' dir='ltr'><em>si</em></span> <span class='ocrx_word' id='word_1_493' title='bbox 1237 2815 1275 2848; x_wconf 74' lang='lat' dir='ltr'><em>tc</em></span> <span class='ocrx_word' id='word_1_494' title='bbox 1301 2814 1370 2856; x_wconf 69' lang='lat' dir='ltr'><em>(les.</em></span> <span class='ocrx_word' id='word_1_495' title='bbox 1397 2814 1564 2848; x_wconf 71' lang='lat' dir='ltr'><em>Briscius.</em></span> 
     </span>
    </p>

    <p class='ocr_par' dir='ltr' id='par_1_12' title="bbox 120 2866 1648 3018">
     <span class='ocr_line' id='line_1_50' title="bbox 214 2866 1646 2912; baseline 0 -10"><span class='ocrx_word' id='word_1_496' title='bbox 214 2871 294 2903; x_wconf 83' lang='lat'><em>240.</em></span> <span class='ocrx_word' id='word_1_497' title='bbox 321 2878 432 2912; x_wconf 79' lang='lat' dir='ltr'><em>saepe</em></span> <span class='ocrx_word' id='word_1_498' title='bbox 459 2866 592 2902; x_wconf 76' lang='lat' dir='ltr'><em>melius</em></span> <span class='ocrx_word' id='word_1_499' title='bbox 617 2869 654 2902; x_wconf 76' lang='lat' dir='ltr'><em>te</em></span> <span class='ocrx_word' id='word_1_500' title='bbox 682 2869 723 2902; x_wconf 77' lang='lat' dir='ltr'><em>ut</em></span> <span class='ocrx_word' id='word_1_501' title='bbox 748 2880 794 2902; x_wconf 84' lang='lat' dir='ltr'><em>m.</em></span> <span class='ocrx_word' id='word_1_502' title='bbox 823 2879 869 2904; x_wconf 89' lang='lat' dir='ltr'><em>m.</em></span> <span class='ocrx_word' id='word_1_503' title='bbox 898 2869 1097 2904; x_wconf 74' lang='lat' dir='ltr'><em>Muellerus</em></span> <span class='ocrx_word' id='word_1_504' title='bbox 1126 2869 1229 2903; x_wconf 85' lang='lat' dir='ltr'><em>Pros.</em></span> <span class='ocrx_word' id='word_1_505' title='bbox 1246 2879 1283 2911; x_wconf 87' lang='lat' dir='ltr'><em>p.</em></span> <span class='ocrx_word' id='word_1_506' title='bbox 1306 2869 1387 2901; x_wconf 63' lang='lat'><em>734.</em></span> <span class='ocrx_word' id='word_1_507' title='bbox 1416 2867 1512 2910; x_wconf 57' lang='lat' dir='ltr'><em>Sept.</em></span> <span class='ocrx_word' id='word_1_508' title='bbox 1539 2868 1646 2902; x_wconf 81' lang='lat' dir='ltr'><em>iamb.</em></span> 
     </span>
     <span class='ocr_line' id='line_1_51' title="bbox 120 2920 1648 2966; baseline -0.001 -11"><span class='ocrx_word' id='word_1_509' title='bbox 120 2921 276 2955; x_wconf 78' lang='lat' dir='ltr'><em>culmisso</em></span> <span class='ocrx_word' id='word_1_510' title='bbox 290 2920 368 2955; x_wconf 85' lang='lat' dir='ltr'><em>And</em></span> <span class='ocrx_word' id='word_1_511' title='bbox 371 2920 411 2965; x_wconf 82' lang='lat' dir='ltr'><em>jo</em></span> <span class='ocrx_word' id='word_1_512' title='bbox 433 2922 470 2955; x_wconf 72' lang='lat' dir='ltr'><em>et</em></span> <span class='ocrx_word' id='word_1_513' title='bbox 489 2920 710 2956; x_wconf 83' lang='lat' dir='ltr'><em>Ritschelius</em></span> <span class='ocrx_word' id='word_1_514' title='bbox 733 2923 860 2966; x_wconf 65' lang='lat' dir='ltr'><em>opusc.</em></span> <span class='ocrx_word' id='word_1_515' title='bbox 877 2922 956 2956; x_wconf 81' lang='grc' dir='ltr'><em>ΙΙΙ</em></span> <span class='ocrx_word' id='word_1_516' title='bbox 962 2934 1001 2966; x_wconf 74' lang='lat' dir='ltr'><em>p.</em></span> <span class='ocrx_word' id='word_1_517' title='bbox 1015 2924 1090 2956; x_wconf 87' lang='grc'>122</span> <span class='ocrx_word' id='word_1_518' title='bbox 1109 2921 1296 2955; x_wconf 81' lang='lat' dir='ltr'><em>constituit</em></span> <span class='ocrx_word' id='word_1_519' title='bbox 1318 2920 1428 2964; x_wconf 80' lang='lat' dir='ltr'><em>(ates.</em></span> <span class='ocrx_word' id='word_1_520' title='bbox 1447 2920 1648 2956; x_wconf 81' lang='lat' dir='ltr'><em>Muellerus</em></span> 
     </span>
     <span class='ocr_line' id='line_1_52' title="bbox 126 2972 1645 3018; baseline 0 -11"><span class='ocrx_word' id='word_1_521' title='bbox 126 2974 310 3008; x_wconf 57' lang='lat' dir='ltr'><em>‘A&#39;aemrff</em></span> <span class='ocrx_word' id='word_1_522' title='bbox 337 2986 372 3018; x_wconf 83' lang='lat' dir='ltr'><em>p.</em></span> <span class='ocrx_word' id='word_1_523' title='bbox 402 2976 478 3018; x_wconf 66' lang='lat'><em>(2¹8),</em></span> <span class='ocrx_word' id='word_1_524' title='bbox 504 2975 723 3010; x_wconf 79' lang='lat' dir='ltr'><em>trochaicum</em></span> <span class='ocrx_word' id='word_1_525' title='bbox 749 2976 908 3010; x_wconf 73' lang='lat' dir='ltr'><em>Briaeius</em></span> <span class='ocrx_word' id='word_1_526' title='bbox 939 2976 1025 3009; x_wconf 84' lang='lat' dir='ltr'><em>olim</em></span> <span class='ocrx_word' id='word_1_527' title='bbox 1058 2984 1189 3008; x_wconf 84' lang='lat' dir='ltr'><em>moneo</em></span> <span class='ocrx_word' id='word_1_528' title='bbox 1217 2972 1364 3016; x_wconf 71' lang='lat' dir='ltr'><em>saepius</em></span> <span class='ocrx_word' id='word_1_529' title='bbox 1391 2974 1427 3006; x_wconf 75' lang='lat' dir='ltr'><em>tc</em></span> <span class='ocrx_word' id='word_1_530' title='bbox 1455 2974 1496 3006; x_wconf 71' lang='lat' dir='ltr'><em>ub</em></span> <span class='ocrx_word' id='word_1_531' title='bbox 1520 2974 1645 3007; x_wconf 83' lang='lat' dir='ltr'><em>memi-</em></span> 
     </span>
    </p>
   </div>
  </div>
 </body>
</html>
