1946 3344
178 218 364 250 915—935
800 215 1049 253 APPENDIX
1624 224 1706 266 197

179 321 494 365 Gontraliendum,
533 333 606 358 non
645 324 850 368 auyendum
882 336 925 360 ex
956 326 1142 361 notatione
1178 327 1245 363 illa
1282 340 1369 364 sane
1399 330 1503 365 valde
1534 331 1650 366 dubia
1662 332 1709 376 *),

178 376 275 412 leunc
301 376 416 411 locum
436 386 507 411 esse
527 386 604 410 cum
627 376 906 423 Sonnenburyio
932 382 1046 414 censet
1065 379 1284 416 Ribbeck-ius
1303 394 1343 427 p.
1359 385 1431 418 546
1453 385 1550 428 (post
1570 383 1708 419 Album

176 440 225 464 an
251 430 372 464 atrum
400 428 527 463 uinum
554 431 663 474 potas
690 431 893 476 adiunfseus
926 430 1022 474 Quin
1048 433 1089 467 tu
1121 433 1207 467 med
1233 433 1481 481 interrogas),
1511 437 1576 481 qui
1600 438 1708 473 etiam

176 483 216 517 in
242 483 514 527 insequentibus
546 483 834 529 dittoyraplziam
869 489 1081 529 agnoscunt.
1131 488 1183 522 At
1215 489 1531 534 quomodocunque
1562 490 1605 525 de
1639 491 1709 527 loci

173 537 384 582 intem-itate
407 537 632 579 iudicamus,
665 537 801 572 lacuna
834 539 1030 574 statuenda
1061 540 1129 574 erit
1163 551 1238 575 non
1264 545 1337 576 iam
1363 553 1406 576 eze
1431 543 1616 578 notatione
1640 545 1708 580 illa

173 602 281 635 quam
307 601 350 625 esc
376 591 460 634 ipsa
484 600 652 625 versuum
677 591 886 637 dialoyique
917 592 1069 627 ratione.
1123 592 1221 628 Certe
1252 595 1360 630 rerba
1391 594 1470 630 Iam
1496 595 1620 631 hercle
1647 607 1706 631 oc-

174 645 300 688 ceptat
332 642 495 678 insanire
530 642 732 688 primulum
767 655 838 679 esse
869 655 944 679 non
970 649 1128 690 possunt
1158 647 1234 682 nisi
1260 647 1422 692 Medici,
1458 660 1538 685 cum
1565 653 1596 685 et
1621 651 1706 686 lcuic

172 697 401 732 maledioeerit
427 697 686 732 Menaechmus
721 700 753 732 et
779 696 866 732 Seni
904 698 1042 733 dudum
1073 703 1206 735 constet
1237 702 1279 736 de
1313 701 1427 746 plena
1464 703 1626 739 insania.
1662 725 1704 730 —

177 750 216 786 V.
245 754 312 786 918
339 749 560 795 poeniceum
586 751 740 786 voluisse
765 751 909 786 ridetur
935 751 982 786 'R

263 844 271 847 μ
293 807 370 839 921.
397 803 534 848 pei-ciit
559 803 708 839 insania
735 804 871 849 ‘prisca
897 807 1134 850 exemplaria'
1166 807 1250 851 Pii,
1285 809 1349 852 qui
1377 808 1484 844 ‘alibi
1509 810 1592 854 leyi'
1621 821 1703 854 per-

172 857 266 903 cipit
290 856 475 892 insaniam
497 858 612 892 addit.
638 856 802 902 percitus
824 856 1020 902 (percitust
1047 860 1218 904 Weisius)
1246 860 1394 896 insania
1417 861 1585 907 Pyladis.
1621 875 1704 908 pcr-

171 910 266 956 cipit
290 909 444 946 uesania
463 911 633 954 Botliius,
665 910 822 946 Onz'ons:
847 910 1000 954 fortasse
1019 917 1120 948 recte.
1160 912 1345 959 percipiat
1369 914 1514 951 insania
1535 917 1573 951 R
1602 917 1704 953 Prol.

176 965 276 999 Trin.
304 976 343 1009 p.
375 964 565 1000 CLXXX
574 964 639 999 VI.
672 963 836 1008 percipit:
869 975 952 999 eum
986 966 1132 1000 insania
1163 967 1363 1002 Bentleius.
1417 968 1470 1012 Cf.
1506 969 1704 1006 Fleckeise-

170 1030 240 1054 nus
258 1019 359 1053 Anu.
383 1019 474 1063 phil.
494 1017 602 1052 LXI
615 1029 656 1063 p.
678 1021 737 1062 34,
765 1017 960 1054 Oorssenus
987 1019 1174 1065 ‘Ausspr.'
1206 1021 1232 1054 I
1250 1032 1289 1066 p.
1316 1023 1397 1056 352.
1427 1022 1482 1055 II
1499 1033 1539 1067 p.
1554 1026 1628 1059 492
1641 1035 1705 1069 sq„

171 1072 376 1107 Muellerus
402 1072 505 1107 Pros.
526 1083 567 1116 p.
596 1074 655 1115 79,
684 1071 834 1107 Curtius
862 1071 1056 1107 ‘Verbum'
1087 1072 1129 1107 1⁵³
1152 1085 1188 1117 p.
1209 1076 1295 1116 207,
1322 1074 1369 1109 al.

289 1129 368 1160 922.
395 1124 509 1160 aliam
537 1124 676 1170 occipis
710 1124 877 1159 fabulam
910 1126 999 1161 duce
1025 1126 1089 1160 Bb
1118 1125 1363 1162 Camerarius.
1397 1127 1482 1164 alia.
1518 1128 1579 1164 SE.
1607 1129 1703 1164 occi-

168 1178 250 1224 pias
288 1179 456 1213 fabulam
495 1178 695 1214 BIeursius.
736 1178 798 1213 SE.
839 1178 952 1213 aliam
997 1178 1161 1224 occipias
1209 1181 1276 1224 (vel
1314 1180 1491 1225 occipito)
1537 1181 1703 1217 fabulam

168 1233 299 1268 Dousa
324 1232 440 1277 Expl.
469 1232 553 1267 III
573 1234 605 1267 6.
659 1231 720 1267 SE.
749 1231 825 1267 alia
852 1230 991 1266 occidis
1018 1231 1147 1266 fabula
1174 1232 1364 1268 Gruterus.
1393 1233 1477 1268 alia.
1517 1234 1578 1269 SE.
1607 1234 1701 1269 occi-

170 1285 226 1321 dis
252 1285 380 1320 fabula
406 1285 575 1321 Botliius.

288 1342 356 1374 923
370 1349 419 1383 sq.
447 1337 541 1372 mihi
565 1339 654 1373 hoc:
681 1337 804 1373 solent
828 1336 901 1373 tibi
927 1338 1043 1373 oculis
1070 1350 1246 1383 umquam
1267 1339 1305 1373 'R
1334 1340 1464 1386 Opusc.
1492 1343 1545 1376 H
1562 1354 1601 1387 p.
1630 1346 1703 1378 707

167 1393 226 1438 (cf.
254 1395 330 1429 275
354 1393 420 1428 ubi
445 1391 615 1428 solentne
641 1391 711 1426 tibi
737 1390 836 1427 oculi
860 1403 895 1427 u.
921 1392 1114 1436 improbat,
1146 1396 1188 1428 ut
1219 1393 1341 1428 solent
1373 1393 1443 1428 bibi
1477 1406 1702 1439 umquamne

168 1446 266 1481 oculi
302 1446 344 1480 in
375 1446 524 1491 praefi).
575 1444 670 1479 mihi
708 1446 775 1491 (vel
812 1444 865 1479 mi
900 1444 1003 1489 hoc):
1037 1456 1083 1480 en
1115 1456 1287 1490 umquam
1331 1447 1454 1482 solent
1490 1447 1561 1482 tibi
1602 1450 1700 1484 oculi

169 1499 372 1534 Muellerus
395 1499 499 1534 Pros.
521 1511 560 1545 p.
583 1501 664 1534 557.
716 1498 785 1533 Dic
811 1497 904 1533 mihi
929 1499 1017 1533 hoc:
1046 1498 1170 1534 oculin
1196 1498 1317 1535 solent
1345 1499 1415 1535 tibi
1442 1513 1617 1546 umquam
1644 1501 1696 1538 Ξ.

168 1573 210 1577 -
247 1552 286 1586 V.
316 1556 384 1586 924
408 1553 526 1597 (quem
552 1556 636 1587 ante
660 1563 691 1586 v.
720 1555 787 1586 926
819 1553 1012 1587 traiciebat
1040 1553 1243 1597 Meursius)
1270 1554 1337 1588 tun
1369 1564 1428 1588 me
1456 1553 1504 1598 R,
1544 1555 1699 1591 Botliius

166 1606 261 1641 olim.
307 1606 364 1640 De
383 1605 567 1640 lucustam
588 1606 708 1649 forma
727 1606 772 1649 cf.
789 1605 1001 1646 Schzcabz'us
1022 1618 1060 1652 p.
1082 1609 1171 1642 415:
1196 1607 1331 1643 ibidem
1356 1607 1592 1653 ignarissime
1619 1621 1698 1645 cum

165 1660 321 1705 quodam
347 1661 449 1704 apud
476 1659 699 1695 Gronovium
725 1660 958 1695 commendat.

286 1717 353 1748 925
368 1724 417 1758 sq.
448 1712 545 1749 Casu
569 1714 665 1748 inter
690 1713 816 1748 testim.
843 1714 1030 1749 intercidit
1055 1713 1202 1749 Nonius
1230 1726 1269 1759 p.
1297 1716 1384 1759 255,
1411 1718 1431 1749 1
1448 1715 1520 1751 Μ..·
1548 1727 1698 1760 crepare

166 1768 223 1802 est
249 1777 391 1802 sonare.
425 1766 580 1801 Plautus
614 1765 653 1801 in
679 1765 934 1802 Menaechmis
970 1767 1057 1802 ‘dic
1089 1766 1199 1801 mihi
1221 1768 1227 1802 .
1248 1796 1254 1803 .
1278 1795 1284 1801 .
1308 1796 1314 1802 .
1335 1769 1446 1803 tunc
1481 1771 1695 1814 erepant?

165 1840 209 1846 —
243 1820 347 1864 mihi,
375 1831 420 1854 en
448 1831 622 1864 umquam
648 1821 888 1856 vindicarunt
912 1821 1129 1856 Gulielmius
1150 1821 1255 1856 Misc.
1283 1825 1416 1866 quaest.
1445 1833 1470 1858 c.
1501 1825 1534 1866 5,
1561 1823 1698 1859 Acida-

165 1875 239 1909 lius
264 1875 305 1909 in
333 1874 465 1909 Cistell.
494 1885 520 1909 c.
547 1877 581 1909 2.
610 1894 653 1899 —-
680 1872 752 1909 tibi
776 1873 958 1909 intestina
985 1873 1227 1910 Camerarius.

286 1931 365 1964 928.
387 1927 524 1963 facilen
545 1928 586 1962 tu
607 1926 747 1962 dormis
769 1929 906 1963 cubans
930 1929 1335 1975 Medico-continuabat
1357 1928 1563 1974 Scioppius,
1584 1929 1697 1965 Bent-

164 1984 266 2025 leius‚
291 1980 422 2017 facilin
447 1982 489 2016 tu
515 1980 713 2016 domituris
741 1981 916 2028 Scaliyer.
971 1981 1077 2016 Tales
1102 1992 1224 2016 versus
1251 1982 1449 2017 Acidalius
1475 1984 1696 2018 commenda-

165 2037 243 2071 bat:
279 2033 579 2070 Perdormiscin‘?
618 2034 721 2070 ΜΕΝ.
758 2045 874 2080 usque
907 2035 956 2069 ad
988 2035 1120 2070 lucem.
1160 2035 1262 2069 MED.
1302 2034 1449 2070 facilen'
1487 2036 1698 2071 obdormis?

166 2088 274 2124 ΜΕΝ.
302 2089 439 2124 cubans
467 2087 710 2123 Obdormisco
737 2099 764 2124 e.
792 2100 822 2133 q.
849 2099 876 2125 s.
928 2089 985 2123 De
1009 2087 1139 2124 facilin
1166 2089 1211 2132 cf.
1244 2088 1283 2123 'R
1318 2088 1447 2135 Opusc.
1475 2088 1528 2123 II
1546 2101 1585 2135 p.
1614 2093 1698 2134 560,

164 2142 389 2178 Scliraderus
414 2143 457 2177 de
483 2149 553 2175 —NE
570 2143 706 2187 partic.
731 2153 768 2186 p.
798 2144 852 2177 13.

284 2199 351 2230 929
363 2206 412 2240 sq.
431 2195 546 2231 Hunc
564 2207 595 2230 v.
617 2196 683 2230 del.
709 2194 902 2241 Vssinqius
928 2207 1072 2241 unaque
1093 2207 1172 2230 cum
1193 2196 1482 2231 antecedentibus
1497 2197 1596 2240 (inde
1616 2208 1638 2231 a
1663 2209 1694 2232 v.

165 2250 249 2294 919)
286 2249 606 2295 Sonnenburyius:
644 2249 690 2292 cf.
729 2249 778 2284 ad
812 2260 843 2283 v.
870 2251 954 2284 905.
992 2252 1063 2284 915
1076 2260 1124 2294 sq.
1155 2270 1197 2274 -
1232 2249 1272 2283 V.
1307 2252 1374 2283 933
1411 2250 1532 2284 versui
1563 2253 1630 2284 929
1646 2262 1694 2295 sq.

165 2303 243 2337 sine
267 2302 342 2337 ullo
368 2303 508 2345 defectu
533 2302 716 2338 Vahlenus
743 2302 955 2337 continuari
975 2305 1086 2347 putat
1114 2302 1310 2338 ‘ridicule’.
1325 2322 1370 2327 —-
1385 2303 1580 2347 argentum
1607 2302 1696 2347 quoi

168 2366 237 2401 ego
253 2354 301 2390 R.
329 2355 364 2391 ei
385 2357 580 2401 argentum
602 2355 690 2399 quoi
714 2355 914 2391 Muellerus
928 2356 1030 2391 Pros.
1049 2367 1084 2400 p.
1102 2358 1184 2391 558.
1237 2356 1430 2400 argentum
1460 2355 1564 2400 quoii
1588 2358 1697 2392 etiam

165 2409 383 2445 Ribbeclcius
403 2421 442 2455 p.
471 2412 539 2445 541
567 2408 668 2454 (cuui
694 2410 912 2453 Acidalius).
968 2408 1020 2453 Cf.
1045 2409 1165 2453 praef.

285 2466 365 2498 935.
391 2462 469 2497 Imo
496 2462 700 2498 modestior
729 2462 969 2497 Camerarius.
1005 2463 1030 2506 I,
1059 2462 1262 2498 modestior
1287 2463 1454 2499 Bolliius.
1488 2463 1604 2498 Immo
1630 2463 1693 2498 ho—

166 2516 307 2552 nestior
331 2516 615 2561 Kampmannus
647 2517 688 2552 de
719 2516 787 2551 reb.
825 2516 897 2551 mil.
927 2516 984 2550 Pl.
1013 2527 1051 2560 p.
1080 2519 1144 2559 40,
1176 2517 1219 2551 de
1245 2524 1298 2548 DE
1327 2520 1358 2551 ei
1385 2524 1438 2548 EX
1455 2528 1584 2562 praep.
1605 2528 1644 2561 p.
1674 2520 1696 2552 0

166 2570 372 2605 etBrixius
388 2570 531 2615 Quaest.
542 2581 580 2615 p.
597 2572 654 2605 30.
706 2569 822 2604 Immo
848 2570 980 2604 melior
994 2569 1153 2605 Briaeius
1177 2570 1218 2604 in
1244 2571 1325 2605 edii.
1362 2569 1479 2604 Immo
1506 2570 1693 2604 nostem-R.

169 2623 257 2658 Cum
284 2623 475 2668 Spenqelio
511 2624 657 2667 faciunt
695 2622 876 2658 Valzlenus
910 2624 1095 2666 conferens
1130 2623 1234 2657 Asin.
1265 2625 1337 2658 599
1371 2627 1403 2658 et
1432 2622 1694 2668 Osiermegjerns

162 2689 200 2722 p.
226 2679 273 2712 14
286 2687 354 2722 sq&
401 2676 592 2722 Vssinyius
618 2678 724 2712 etiam
760 2677 801 2712 in
834 2688 871 2712 eo
898 2678 992 2722 quod
1018 2688 1046 2711 v.
1076 2680 1144 2711 934
1179 2677 1352 2722 occeptat
1379 2677 1422 2712 de
1450 2675 1525 2710 illis
1551 2676 1692 2712 uerbis:

287 2783 322 2827 *)
349 2782 406 2819 Ne
429 2786 550 2819 tamen
570 2784 780 2829 praefracte
814 2795 916 2829 ree-(ses
949 2794 1028 2819 cum
1053 2784 1267 2829 quibusdam
1298 2785 1461 2828 potuisse
1486 2784 1553 2818 illa
1579 2787 1693 2819 aetate

169 2838 280 2872 aliam
309 2847 454 2882 eamque
474 2837 673 2881 pleniorem
699 2839 903 2873 memoriam
931 2841 1137 2882 suppetere,
1164 2837 1301 2880 sufficit
1326 2837 1374 2872 ad
1404 2837 1564 2872 Turncbi
1587 2848 1690 2871 mem-

169 2892 371 2926 branarum
408 2891 608 2935 exemplum
634 2901 858 2935 provocasse.
910 2891 966 2925 Ac
991 2891 1122 2925 mirum
1155 2893 1244 2924 cerie
1269 2892 1300 2924 ei
1326 2890 1570 2935 memorabile,
1596 2891 1692 2925 inve-

103 2978 106 2980 ,
168 2945 245 2980 niri
270 2946 364 2981 lianc
389 2944 610 2982 notationem
636 2945 685 2981 ad
711 2946 824 2981 locum
850 2945 928 2979 siue
953 2944 1065 2980 dubio
1088 2943 1351 2988 perturbatum.
