1946 3344
783 187 1034 223 APPENDIX
1589 191 1672 232 131

142 284 344 319 Muellerus
367 283 473 318 Pros.
487 294 527 328 p.
542 286 620 319 290
646 284 732 318 adn.
759 284 820 327 (ef.
844 283 995 319 Olsenus
1015 285 1036 320 l.
1051 286 1103 330 s.).
1131 285 1182 320 In
1205 296 1236 320 v.
1258 288 1326 320 870
1336 295 1386 330 sq.
1413 285 1676 321 distribuendis

141 337 436 382 explicandisque
460 340 624 382 nugyatur
649 337 816 382 Pylades.

235 393 314 425 877.
360 390 376 423 Ι
401 390 440 425 in
472 390 611 425 malam
647 402 725 425 rem
761 390 992 426 Camerarius
1018 392 1079 436 (cf.
1109 391 1186 426 Ter.
1215 392 1361 427 Phorm.
1395 403 1425 427 v.
1452 394 1553 436 368).
1602 391 1675 427 Abi

140 442 279 479 malam
303 455 382 478 rem
407 443 608 478 Muellerus
633 444 739 479 Pros.
761 456 800 489 p.
827 447 910 481 345.
937 466 980 470 -
1009 445 1164 480 amassit
1189 445 1350 481 Guietus.

235 500 315 533 881.
351 497 408 532 De
440 495 491 542 μὰ
517 501 549 532 et
580 496 644 531 ναὶ
677 498 770 532 adde
794 498 986 533 Hertzium
1011 497 1110 534 Ann.
1139 500 1232 544 phil.
1259 502 1283 534 t.
1312 499 1413 534 CIX
1437 499 1485 544 (a.
1501 501 1611 544 1874)
1632 511 1671 544 p.

138 554 214 587 264
227 562 276 595 sq.
309 548 354 595 νὴ
389 547 458 585 τὰν
487 549 619 594 Σόραν
654 549 904 595 Camerarius,
941 552 1048 587 etiam
1080 553 1121 587 in
1147 553 1201 595 B,
1238 553 1304 588 ubi
1333 564 1458 598 yraeee
1485 554 1527 588 in
1557 565 1671 598 marg).

138 605 289 639 nomina
314 605 520 649 adscripsit.
554 601 682 648 Κόραν
707 605 912 640 vindicavit
937 605 1125 641 Meursius
1153 606 1175 640 l.
1202 616 1229 641 s.
1255 617 1283 641 s.
1332 605 1492 642 Ceterum
1518 607 1564 650 ef.
1579 607 1671 642 Mei-

138 659 265 693 nelcius
292 658 393 693 Men.
421 661 454 692 et
479 657 576 692 Phil.
599 669 638 702 p.
661 661 728 702 16,
753 658 918 694 Naekius
945 658 1047 694 Mus.
1073 659 1188 694 Rhea.
1223 659 1259 694 V
1274 671 1313 704 p.
1340 661 1379 704 2,
1404 661 1450 695 al.

231 714 310 747 882.
356 711 472 754 †Iam
499 710 563 746 diu
589 711 855 747 Fleckeisenus.
900 711 972 746 Ain
1004 712 1046 746 tu
1078 712 1276 747 Acidalius
1303 713 1324 746 l.
1351 723 1378 747 s.
1403 723 1431 748 s.
1470 713 1574 748 Tuan
1600 713 1671 749 fide

139 765 379 800 Buechelerus
399 765 448 799 ad
461 764 605 799 Petron.
615 776 654 809 p.
670 767 756 807 186,
773 768 828 799 14.
857 765 950 800 Tam
975 764 1086 800 modo
1108 765 1313 810 IVaanerus
1334 767 1388 810 (at
1407 767 1452 809 cf.
1470 767 1672 802 Muellerus

140 818 326 853 ‘Nachtr.'
350 830 389 863 p.
407 819 453 863 7).
480 817 557 853 Iam
585 818 664 853 dies
679 839 722 843 —
746 818 948 864 Vssinyius.
975 818 1055 852 Iam
1081 816 1146 851 diu
1172 829 1272 853 nunc
1296 822 1414 854 servat
1432 819 1608 855 Brioeius:
1634 823 1672 855 at

136 873 262 918 inepta
287 875 337 906 est
362 872 521 916 quaestio
548 871 607 915 (cf.
634 872 743 906 etiam
767 882 797 906 v.
825 874 925 916 873).

229 928 309 960 883.
336 923 381 969 νὴ
408 922 472 959 τὸν
499 921 694 969 ἆλὲτρινον
721 925 935 960 Lambinus.
981 922 1027 970 νὴ
1054 923 1124 960 τὰν
1146 921 1328 969 Ἀλέτριον
1355 925 1566 971 Geppertus.

229 982 309 1014 885.
345 990 413 1014 uae
440 978 540 1013 uitae
566 980 653 1013 tuae
680 978 936 1015 Fleckeisenus
961 979 1051 1015 conl.
1079 978 1277 1014 Ritsclzelio
1304 979 1353 1014 ad
1378 979 1496 1014 Stichi
1519 990 1553 1014 v.
1582 982 1669 1015 594:

133 1037 173 1069 at
196 1044 227 1069 v.
256 1032 456 1067 Muellerus
482 1032 584 1067 Pros
607 1044 646 1077 p.
669 1034 740 1068 723
767 1036 799 1067 et
817 1033 1019 1068 Lorenzz'us
1039 1032 1171 1067 Philol.
1193 1032 1315 1067 XXX
1337 1034 1385 1077 (a.
1408 1033 1518 1077 1870)
1533 1044 1571 1078 p.
1587 1036 1669 1069 431.

132 1088 189 1122 De
215 1086 345 1122 sedulo
371 1098 403 1121 v.
430 1090 499 1122 886
526 1086 572 1129 cf.
599 1086 840 1121 Bueclielerus
866 1086 966 1121 Mus.
994 1085 1109 1121 Rlzen.
1138 1086 1300 1121 XXXV
1316 1097 1355 1131 p.
1378 1088 1449 1122 629
1462 1097 1512 1131 sq.
1538 1086 1578 1121 V.
1600 1091 1668 1122 887

133 1139 202 1176 Dic
232 1151 303 1186 pro
336 1139 409 1174 Sed
444 1139 646 1185 Geppertus
677 1140 780 1183 (ibid.
814 1140 946 1184 qubius
975 1140 1058 1174 erat
1082 1139 1171 1173 tunc
1201 1140 1366 1183 praefert
1391 1139 1601 1176 Brandtius
1626 1141 1669 1176 de

132 1205 207 1239 yen.
230 1205 269 1239 p.
299 1194 372 1237 67).

227 1250 305 1282 891.
356 1257 446 1281 uera
484 1245 516 1280 si
547 1247 616 1291 (sic
651 1247 727 1282 iam
763 1258 860 1282 man.
896 1245 1032 1282 Camer.
1065 1246 1107 1281 in
1137 1245 1188 1290 B)
1234 1246 1277 1281 ob
1310 1247 1604 1282 allitterationem
1636 1252 1668 1282 et

130 1301 188 1334 hie
213 1304 246 1335 et
269 1311 300 1334 v.
336 1303 403 1334 897
437 1300 602 1344 praefert
638 1300 894 1335 Fleckeisenus
930 1311 982 1345 ep.
1021 1300 1100 1335 crit.
1122 1311 1161 1344 p.
1197 1300 1331 1334 XXU.
1382 1300 1435 1335 At
1472 1301 1518 1343 cf.
1555 1300 1667 1336 Roth-

131 1354 307 1388 lzeimerus
337 1354 380 1389 de
405 1356 528 1388 enunt.
555 1354 688 1388 condit.
715 1354 778 1388 Pl.
805 1354 857 1388 ed.
885 1353 1081 1399 Gottingae
1100 1365 1133 1388 a.
1156 1356 1252 1389 1876
1272 1365 1310 1399 p.
1328 1356 1384 1389 15.
1429 1354 1488 1389 De
1513 1354 1574 1389 ain
1600 1356 1666 1391 tu?

129 1418 161 1442 v.
188 1410 256 1441 892
283 1407 377 1442 adde
401 1406 608 1441 Bentleium
632 1407 681 1441 ad
710 1407 791 1442 Ter.
821 1406 971 1442 Phorm.
1004 1407 1040 1442 V
1061 1410 1098 1451 8,
1124 1410 1182 1442 77.

226 1464 305 1495 896.
345 1459 613 1495 manticinatus
646 1461 707 1505 (=
731 1461 975 1505 vaticinatus,
1006 1457 1170 1505 μάντιςί)
1215 1460 1335 1503 Valla,
1364 1461 1570 1505 Meursius,
1597 1463 1666 1498 alii

131 1514 240 1557 (unde
265 1513 389 1548 hercle
421 1513 462 1546 tu
494 1512 774 1548 Lindemannus
804 1525 848 1548 ex
873 1514 1008 1557 Guelfi,
1038 1513 1162 1548 hercle
1191 1525 1259 1559 ego
1287 1513 1560 1559 Fleckeisenus,
1594 1515 1666 1550 nisi

129 1566 253 1601 hercle
284 1567 444 1601 Briseius
476 1566 574 1611 olim)
612 1568 719 1611 quasi
749 1568 897 1602 omnino
931 1567 1185 1603 ‘vaticinatus'
1222 1568 1270 1602 sit
1301 1569 1496 1612 parasitus
1532 1572 1565 1604 et
1601 1570 1666 1605 hoe

129 1621 204 1655 loeo
231 1621 336 1655 aliud
360 1623 520 1665 spectare
539 1620 657 1665 possit
683 1623 789 1665 atque
813 1632 845 1656 v.
861 1623 944 1656 895.
972 1619 1239 1656 manticulatus
1265 1621 1424 1667 Pylades
1448 1622 1543 1656 inter
1569 1623 1664 1658 alias

128 1674 362 1718 mutationes,
399 1673 495 1718 quod
525 1674 824 1718 reclinteyrarunt
857 1673 1020 1718 Coli'ius,
1051 1673 1250 1709 Acidalius
1280 1674 1367 1709 Div.
1395 1686 1434 1719 p.
1461 1678 1551 1719 171,
1583 1677 1661 1712 alii.

127 1725 380 1771 panticinatus
413 1726 617 1761 Salmasius
649 1727 768 1770 finxit.
795 1726 1082 1762 mantiscinatus
1117 1728 1311 1763 obscurare
1341 1729 1447 1763 nolui
1481 1739 1562 1764 cum
1586 1730 1661 1772 for-

127 1784 219 1815 tasse
243 1779 529 1825 ylossematieum
555 1780 681 1824 potius
706 1780 753 1815 sit
772 1791 882 1825 quam
907 1784 1119 1826 corruptum
1145 1782 1210 1825 (an
1235 1782 1475 1816 elerii-andum
1495 1794 1518 1817 a
1542 1784 1662 1818 tesco-

127 1835 175 1869 ad
207 1833 416 1877 analogiam
447 1833 635 1868 verborum
667 1834 709 1868 in
740 1833 890 1877 —ino-r,
921 1837 963 1869 ut
987 1835 1036 1869 sit
1060 1845 1174 1869 manu
1199 1838 1293 1869 tesca
1318 1835 1391 1869 sibi
1420 1835 1540 1878 faeere
1570 1836 1663 1871 ‘eine

127 1888 280 1932 (scho'ne)
309 1886 545 1932 Verwu'stuny
571 1886 860 1931 anricliten’?.9).
888 1887 1026 1923 Eodem
1051 1891 1187 1933 spectat
1214 1887 1272 1923 ‘de
1297 1889 1416 1923 alieno
1441 1890 1663 1925 manticinor

125 1944 158 1976 et
182 1939 363 1986 impendo’
393 1941 495 1985 apud
519 1940 617 1976 Don.
645 1941 694 1976 ad
716 1941 795 1976 Ter.
817 1941 918 1977 Eun.
938 1941 990 1976 II
1003 1943 1043 1986 2,
1069 1944 1130 1978 27.
1171 1941 1333 1977 Ceterum
1357 1942 1515 1986 plectito
1537 1942 1660 1979 Came-

125 1995 251 2029 rarius
277 1995 382 2037 (corr.
409 1993 607 2029 Acidalius
632 1995 654 2030 l.
680 2005 707 2030 s,
733 1995 788 2039 8.).

221 2051 301 2083 897.
329 2046 507 2092 dapinato
533 2047 675 2082 uictum
701 2059 783 2083 cum
809 2048 950 2095 Pylade
968 2048 1138 2084 Bothius.
1176 2047 1364 2093 dapinabo
1391 2048 1516 2084 cibum
1538 2049 1660 2085 Came-

124 2102 259 2137 rarius.
288 2100 483 2146 dapsilabo
510 2099 652 2135 uictum
681 2100 842 2137 Guietus.
873 2101 927 2145 Cf.
955 2102 1003 2136 ad
1027 2113 1058 2137 v.
1086 2105 1170 2138 891.

219 2157 298 2189 898.
325 2154 423 2189 istuc
448 2153 672 2189 Schmidtius
697 2155 739 2190 de
759 2166 868 2200 pron.
889 2166 928 2199 p.
955 2157 1002 2188 84
1029 2155 1135 2199 (adde
1162 2153 1451 2190 Studemundum
1478 2156 1499 2192 l.
1519 2167 1547 2191 s.
1568 2168 1595 2192 s.
1616 2168 1656 2202 p.

125 2211 171 2243 74
184 2210 268 2253 sq.):
294 2211 333 2242 at
357 2208 405 2251 cf.
431 2207 614 2243 Luclisius
641 2208 831 2244 Comment.
853 2219 951 2254 pros.
979 2208 1008 2242 Ι
1022 2219 1061 2253 p.
1087 2210 1144 2243 13.

219 2265 299 2297 900.
339 2262 445 2306 potes
477 2261 562 2297 olim
593 2262 763 2298 Brioeius.
792 2283 835 2287 —
865 2262 1060 2297 Prooeimos
1089 2272 1213 2297 versus
1237 2262 1322 2297 huic
1349 2272 1499 2297 scaenae
1525 2264 1657 2299 adiun-

123 2316 256 2360 {Jendos
275 2326 346 2350 esse
360 2318 444 2360 post
464 2315 556 2350 alios
576 2314 790 2360 Spenaelius
809 2316 1068 2351 demonstravit
1094 2316 1113 2352 l.
1130 2326 1156 2350 s.
1171 2326 1198 2350 s.
1215 2327 1254 2360 p.
1268 2318 1343 2351 278
1355 2326 1427 2360 sq.:
1453 2327 1534 2351 cum
1553 2317 1657 2352 libris

123 2372 270 2414 separat
295 2368 456 2404 Baierus
481 2368 524 2403 de
549 2368 607 2404 Pl.
633 2369 709 2412 fab.
736 2380 866 2404 recens.
893 2369 945 2404 cd.
975 2368 1124 2404 Vratisl.
1151 2381 1184 2405 a.
1211 2371 1308 2404 1885
1329 2380 1369 2414 p.
1396 2371 1479 2405 112.

220 2425 299 2457 906.
327 2420 405 2456 alia
431 2420 462 2455 si
483 2420 648 2465 Guietus,
675 2421 842 2457 Botliius.
867 2443 909 2447 —
937 2432 1030 2466 quae
1057 2422 1199 2457 uentris
1225 2423 1329 2457 uictu
1356 2422 1568 2458 conducunt
1592 2435 1656 2459 ms.

124 2475 257 2521 Lany„
277 2475 324 2509 al.
341 2473 501 2509 Ceterum
520 2486 550 2510 v.
568 2478 634 2509 905
661 2479 858 2521 suspectus,
879 2479 910 2511 et
929 2486 972 2511 ea:
992 2476 1048 2511 his
1073 2477 1190 2512 verbis
1209 2480 1241 2512 et
1259 2477 1347 2521 quia
1366 2477 1521 2512 nimium
1540 2489 1654 2522 quan-

125 2532 201 2564 tum
227 2529 373 2573 lanquet
394 2531 477 2573 post
501 2539 533 2563 v.
561 2531 633 2564 903
646 2539 695 2573 sq.

219 2586 297 2617 907.
349 2581 397 2616 ad
427 2592 549 2616 meam
579 2582 856 2626 praefecturam
889 2584 927 2618 et
952 2583 1109 2629 Pylades
1144 2583 1207 2628 (ad
1232 2583 1504 2628 praefecturam
1532 2594 1655 2617 meam

123 2636 313 2671 Gruterus.
341 2635 378 2669 in
399 2645 470 2680 pro
497 2634 544 2668 ad
570 2635 638 2679 (ut)
666 2634 872 2671 Gronovius
898 2637 978 2680 alii,
1010 2638 1052 2671 ut
1076 2637 1132 2671 ius
1159 2647 1230 2682 pro
1258 2638 1295 2672 et
1326 2637 1383 2671 ius
1411 2637 1652 2672 Camerarius.

122 2689 179 2725 ius
206 2691 248 2724 ut
271 2688 470 2732 Bothz’uff).
497 2690 541 2723 ut
564 2699 691 2733 geram
719 2688 991 2733 praefecturam
1019 2690 1057 2724 et
1076 2690 1255 2725 Beekerus
1280 2691 1322 2725 de
1347 2700 1431 2724 com.
1452 2689 1555 2724 Rom.
1576 2690 1651 2731 fab.

116 2754 155 2788 p.
177 2746 236 2778 68.
257 2745 300 2777 ut
317 2751 514 2787 properem
538 2740 577 2776 in
597 2741 880 2787 praefecturam,
901 2744 943 2777 ut
962 2743 1182 2789 Geppertus:
1202 2745 1244 2779 de
1262 2754 1332 2788 quo
1357 2753 1422 2778 suo
1445 2744 1524 2777 iure
1544 2744 1651 2778 dubi—

122 2797 214 2832 tavit
239 2795 441 2830 Muellerus
468 2795 572 2831 Pros.
594 2807 633 2841 p.
662 2799 752 2840 575,
788 2807 869 2832 cum
893 2807 967 2832 non
991 2798 1094 2832 modo
1121 2798 1166 2832 ab
1193 2797 1435 2831 Ambrosiano
1461 2796 1652 2831 abhorreat

120 2860 243 2884 verum
261 2850 369 2884 etiam
389 2861 412 2884 a
424 2848 576 2885 Plauto.
606 2849 706 2895 Quae
719 2851 830 2895 posui
850 2851 940 2885 conl.
957 2851 1041 2886 Aul.
1056 2862 1087 2886 v.
1105 2853 1183 2885 541.
1199 2850 1312 2893 Epid.
1327 2860 1358 2883 v.
1373 2852 1423 2884 25
1444 2849 1552 2884 etiam
1570 2860 1652 2884 cum

52 2935 65 2946 ‚
121 2902 207 2936 BE
234 2902 424 2937 conciliari
449 2906 622 2948 possunt,
658 2903 834 2947 siquidem
866 2904 951 2939 inde
984 2908 1048 2939 aut
1079 2904 1159 2947 fieri
1190 2906 1255 2937 aut
1289 2902 1498 2936 ‘emendari'
1528 2903 1651 2947 potuit

122 2955 390 3000 praefecturam
429 2956 571 3000 (‘wobei
607 2957 903 2992 mittelalterliehe
941 2957 1192 3001 Auschauuny
1224 2975 1268 2980 -
1301 2955 1337 2989 la
1367 2956 1572 2999 prefettura
1604 2976 1648 2982 -

1317 3013 1364 3048 9³3<
