1946 3344
19 107 30 113 r
24 82 33 94 ,.
13 0 40 53 ,ττιῃ

143 198 330 230 227—249
784 193 1033 229 APPENDIX
1588 195 1670 236 157
1683 177 1689 183 ⁴

144 312 226 335 cum
246 301 430 346 plerisque
454 301 610 335 retinui:
636 301 757 335 eadem
781 311 857 335 non
887 302 1009 336 minus
1043 312 1152 346 quam
1178 302 1325 346 linquae
1349 311 1436 336 usus
1461 301 1676 345 exquisitior

143 366 175 389 v.
203 357 271 388 228
308 354 542 399 prospiciunt
572 354 730 398 (procul)
766 355 914 390 Placidi
947 356 1006 400 (ef.
1039 356 1189 390 eundem
1219 366 1250 390 v.
1283 359 1363 391 229
1390 376 1432 381 -
1459 356 1525 390 ubi
1556 356 1677 400 possis

144 407 389 454 [con]spieias
410 418 481 452 pro
507 407 637 441 uideas
664 428 708 433 —-
734 409 923 453 ipsumque
948 409 1025 443 eius
1051 409 1190 451 lemma)
1217 409 1449 444 commendat.

266 464 345 495 229.
373 460 490 502 Quom
517 459 720 495 adueniens
746 461 912 496 Bothius.
941 482 983 486 —
1009 461 1093 496 fuat
1117 462 1327 497 dubitanter
1353 462 1558 497 Acidalius.

265 518 344 548 230.
371 525 469 548 nnnc
495 513 757 558 Epidaminum
784 513 974 558 Hasperus
999 515 1059 559 (cf.
1087 516 1135 550 ad
1163 527 1191 549 r.
1213 515 1284 559 33).
1336 516 1408 549 huc
1433 515 1472 549 in
1499 515 1674 559 Epidam-

144 579 231 602 num
262 566 479 612 Goerbiyius
513 567 715 601 ‘nominum
748 567 878 611 quibus
910 568 989 603 loca
1019 568 1278 612 siynifieantur
1311 579 1366 603 us.
1392 568 1470 603 PZ.'
1506 569 1558 603 ed.
1586 568 1676 603 Hal.

143 633 176 655 a.
203 623 301 656 1883
319 632 358 665 Ρ.
387 623 444 656 34.
472 641 515 644 -
544 620 599 663 Cf.
633 620 832 665 Lanyenus
864 620 969 655 Stud.
1006 621 1063 655 Pl.
1095 632 1133 665 Ρ.
1161 624 1230 656 149
1257 625 1290 656 et
1310 622 1430 666 praef.
1483 622 1578 656 Mox
1604 621 1672 655 cir-

143 674 286 709 cuimus
313 673 351 707 R
377 685 458 708 eum
486 674 534 708 Z:
567 674 613 716 ef.
641 673 898 708 Fleckeisenus
928 673 1028 708 Ann.
1050 674 1142 718 phil.
1176 674 1282 708 LXI
1298 686 1336 719 Ρ.
1363 677 1429 718 24,
1461 674 1676 719 Spenyelius

147 726 185 761 T.
216 727 272 760 Μ.
300 726 342 760 P.
364 738 403 771 Ρ.
429 728 514 762 216.

262 783 342 814 234.
371 780 496 813 sextus
523 791 588 814 om.
616 781 672 814 est]
701 780 934 815 Camerarius
959 791 1041 815 cum
1066 780 1120 815 A.-
1154 781 1199 823 cf.
1228 780 1266 814 'R
1295 780 1424 825 Opusc.
1451 781 1506 814 II
1522 792 1561 825 Ρ.
1590 784 1676 824 610,

144 833 343 878 Seyffertus
370 832 472 868 Stud.
501 833 562 868 Pl.
583 845 622 878 Ρ.
649 836 698 868 25
724 834 810 868 adn.
841 834 921 878 (ubi
946 834 1071 868 sextus
1097 835 1152 868 est
1177 834 1269 877 defi,
1299 837 1390 868 recte
1417 834 1450 868 ei
1475 834 1528 868 rei
1555 845 1675 869 mono-

145 887 287 932 syllaba
312 897 382 921 esse
407 887 531 921 debere
556 887 780 931 inculeans):
806 887 926 921 omisit
951 887 1048 921 hunc
1074 887 1189 921 locum
1218 885 1369 921 Olsenus
1389 898 1428 932 Ρ.
1457 890 1513 922 94.

263 943 344 975 235.
372 941 485 975 Istros
512 944 544 975 et
569 940 699 975 Ilm-ios
721 941 759 975 ‘R
785 940 922 975 addens
941 939 1074 974 Ilurios
1096 941 1221 983 prima
1247 940 1391 986 syllaba
1417 941 1515 976 brevi
1540 941 1676 975 dimisse

145 993 323 1027 Plautum
347 994 482 1037 videri,
514 1003 716 1028 fflLURICA
742 997 861 1028 autem
886 994 994 1027 etiam
1023 993 1126 1026 Trin.
1154 995 1228 1027 852
1254 1003 1324 1027 esse
1352 994 1393 1028 in
1419 993 1473 1037 A,
1504 994 1569 1028 ubi
1593 1005 1673 1028 eum

147 1046 378 1081 Fleckeiseno
404 1046 526 1091 Epist.
547 1059 587 1092 Ρ.
616 1047 694 1091 IX,
722 1046 820 1082 Gens.
842 1058 881 1092 Ρ.
909 1050 959 1081 29
973 1057 1021 1090 sq.
1049 1046 1134 1087 fecit
1159 1046 1199 1079 in
1225 1046 1277 1080 ed.
1305 1047 1367 1081 alt.
1418 1046 1564 1081 Histros
1591 1050 1676 1081 aute

144 1099 310 1134 Hilurios
342 1101 427 1135 trai.
461 1100 676 1135 Sclzwabius
711 1101 732 1135 1.
765 1112 792 1136 s.
826 1111 852 1135 s.
878 1111 919 1144 Ρ.
953 1103 1025 1134 412
1058 1100 1266 1144 obloquente
1297 1100 1442 1135 Brioee'o.
1472 1121 1513 1124 —
1542 1099 1673 1134 Illures

145 1153 319 1198 Scaliqer.

265 1211 345 1242 236.
373 1219 481 1243 omne
508 1219 681 1253 superum
708 1208 865 1243 Bothius
896 1208 993 1242 olim.
1030 1219 1203 1251 superum
1234 1207 1309 1241 iam
1342 1217 1449 1241 omne
1477 1208 1524 1242 R
1552 1218 1677 1251 super-

146 1272 281 1304 umque
309 1272 416 1295 omne
442 1262 516 1304 fuit
530 1262 594 1306 qui
607 1263 774 1296 suaderet
794 1261 973 1306 probante
989 1261 1128 1295 Kochio
1150 1260 1230 1294 Em.
1253 1260 1310 1294 Pl.
1326 1271 1366 1303 Ρ.
1390 1260 1415 1292 I
1418 1259 1468 1301 X,
1494 1260 1676 1302 refutante

146 1324 288 1348 censore
315 1314 544 1358 ‘phiLAnzst
573 1315 606 1348 V
621 1326 658 1359 Ρ.
682 1317 768 1350 253.
825 1314 880 1358 Cf.
913 1314 1126 1359 Spenyeh'us
1162 1313 1203 1347 T.
1230 1313 1284 1346 M.
1312 1313 1354 1347 P.
1376 1324 1415 1356 Ρ.
1437 1315 1524 1355 234,
1551 1313 1675 1347 Darn-

146 1378 307 1402 mannus
325 1379 366 1412 Ρ.
392 1371 451 1402 16.

268 1424 349 1455 239.
371 1421 594 1456 inuenisses:
621 1422 820 1467 appareret
839 1422 905 1456 del.
934 1420 963 1454 si
984 1420 1198 1465 Sperasseltus
1212 1419 1342 1454 Plzilol.
1360 1419 1522 1453 XXIII
1539 1431 1579 1464 Ρ.
1601 1423 1673 1454 5:39

149 1473 334 1515 refutante
374 1474 552 1509 Muellero
591 1474 692 1510 Pros.
726 1486 765 1518 Ρ.
795 1477 864 1509 514
890 1474 973 1508 adn.
1004 1475 1101 1517 (post
1133 1485 1235 1518 quem
1268 1477 1350 1507 acta
1388 1475 1458 1517 effl't
1492 1473 1674 1507 Vahlenus

146 1526 244 1562 Mus.
271 1526 386 1562 Rhen.
417 1527 590 1561 XXVII
619 1538 655 1571 Ρ.
683 1530 753 1562 175
766 1529 842 1571 δᾳ).
895 1528 951 1569 Cf.
985 1527 1138 1561 Blasius
1163 1527 1206 1561 de
1234 1527 1323 1562 mod.
1352 1530 1454 1570 temp.
1477 1530 1672 1570 permutat.

141 1591 180 1624 Ρ,
208 1584 230 1613 9
253 1583 345 1624 (65).

265 1637 345 1669 242.
372 1633 494 1668 istunc
520 1634 680 1668 cume
706 1637 835 1669 eontra
854 1633 1046 1669 ABaCD
1066 1633 1259 1677 Hasperus
1288 1632 1390 1677 ‘phil
1411 1632 1520 1666 Aue?
1553 1632 1678 1665 XIII

142 1697 182 1731 Ρ.
210 1689 257 1722 32
269 1698 318 1732 sq.
344 1688 497 1732 itemque
527 1687 658 1731 istum,
685 1691 825 1723 serrato
851 1688 944 1732 (qui)
971 1686 1022 1729 id,
1057 1686 1271 1721 lsi'eiclnerus
1297 1686 1448 1720 Advers.
1473 1697 1508 1729 Ρ,
1539 1688 1602 1719 14.·
1628 1685 1674 1728 cf.

146 1740 328 1776 Beckerus
353 1742 394 1775 in
421 1740 580 1776 Student.
610 1741 714 1776 Stud.
743 1741 770 1774 I
786 1753 824 1785 Ρ.
852 1744 925 1775 310
951 1741 1036 1775 adu.

266 1798 346 1828 243.
375 1794 582 1837 ‘Profectus
607 1805 678 1829 esse
703 1795 749 1829 ab
775 1795 969 1838 interprete
994 1793 1152 1828 videtur'
1184 1794 1231 1828 Ἦ.
1275 1792 1471 1826 Oblocutus
1496 1794 1546 1826 est
1569 1791 1677 1837 Kay-

146 1857 248 1882 serus
274 1848 296 1881 l.
322 1857 349 1881 s.
376 1857 402 1881 s.
428 1857 463 1891 Ρ.
491 1849 563 1881 417
589 1850 622 1881 et
647 1848 779 1882 rectius
804 1848 975 1882 iudicans
999 1847 1169 1881 Brioeius.

266 1903 346 1935 244.
381 1899 530 1935 Versum
562 1901 662 1935 eiecit
692 1900 928 1945 Ladewiyius
962 1900 1096 1935 Philol.
1135 1899 1271 1933 XVII
1291 1910 1328 1943 Ρ.
1356 1901 1428 1933 463
1454 1900 1610 1942 offensus
1637 1899 1676 1932 in

147 1955 343 1999 praeterea
385 1964 467 1988 voce
499 1954 559 1998 (ef.
594 1954 772 1989 Handius
814 1954 962 1988 Tursell.
984 1965 1024 1998 Ρ.
1053 1954 1137 1997 547)
1166 1964 1236 1997 pro
1268 1964 1340 1997 qua
1366 1951 1539 1997 postidea
1565 1952 1676 1986 Bent-

148 2008 248 2042 leius.
299 2008 350 2041 At
375 2018 406 2041 v.
434 2007 638 2042 Lorenzlus
669 2008 718 2042 ad
746 2008 858 2043 Most.
892 2010 948 2043 75.
999 2007 1167 2051 Lonyius
1186 2016 1401 2050 proffessus
1425 2017 1457 2039 ϊ.
1489 2008 1591 2039 24ομ
1608 2008 1676 2038 246

147 2062 217 2096 alii
248 2061 452 2096 recensioni
485 2061 617 2095 tribuit
652 2060 953 2106 Sonnenburyius
981 2071 1021 2105 Ρ.
1050 2063 1153 2104 68q.:
1189 2063 1228 2094 at
1254 2059 1298 2101 ef.
1333 2058 1534 2104 Lasnyenus
1569 2058 1676 2092 stud.

147 2114 208 2148 Pl.
229 2125 268 2159 Ρ.
296 2117 353 2149 42.

268 2171 346 2202 245.
374 2167 502 2202 uiuum
528 2178 730 2212 numquam
756 2167 886 2202 Dousa
909 2168 959 2210 ffl-
986 2167 1093 2202 uiuos
1119 2177 1321 2210 numquam
1349 2177 1431 2200 eum
1460 2165 1497 2198 R
1522 2165 1563 2199 in
1589 2165 1674 2199 adn.

149 2221 369 2256 dubitanter.
422 2220 477 2264 Cf.
500 2222 549 2256 ad
567 2231 598 2256 v.
619 2224 705 2257 244.
731 2242 771 2245 -
799 2220 837 2255 V.
854 2224 922 2255 246
950 2232 1054 2255 carus
1083 2219 1132 2254 sit
1157 2219 1260 2254 cordi
1282 2230 1361 2254 cum
1382 2219 1418 2252 A
1444 2219 1500 2261 R,
1527 2219 1612 2252 alii:
1639 2221 1677 2251 at

148 2275 231 2309 vide
255 2274 433 2309 Baierum
459 2274 482 2308 l.
507 2284 534 2308 s.
560 2285 586 2309 s.
609 2286 649 2319 Ρ.
678 2277 759 2309 165.
799 2273 902 2308 cordi
928 2285 1034 2307 carus
1065 2273 1115 2307 'sit
1142 2273 1361 2318 Geppertus,
1391 2272 1544 2314 fortasse
1576 2275 1675 2306 recte.

150 2327 208 2362 De
226 2339 257 2361 v.
273 2331 340 2362 247
362 2327 408 2370 cf.
428 2328 478 2362 sis
492 2327 707 2362 Fischerum
732 2328 775 2362 de
800 2327 877 2362 Ter.
904 2330 1024 2361 sectat.
1052 2327 1109 2361 Pl.
1129 2338 1166 2372 Ρ.
1183 2329 1229 2361 43
1255 2329 1287 2360 et
1301 2325 1543 2360 Luebeckium
1571 2324 1676 2358 ‘Hie-

151 2391 324 2426 ronymus
349 2391 436 2426 quos
460 2382 600 2417 noverit
624 2381 828 2425 seriptores’
852 2392 892 2425 Ρ.
914 2384 996 2415 108.
1049 2380 1312 2424 Hieronymum
1338 2388 1420 2413 vero
1443 2378 1675 2422 proverbium

153 2433 276 2469 ‘iuaeta
300 2434 487 2469 comicum’
523 2435 743 2470 exhibentem
768 2445 842 2468 non
868 2434 916 2468 ad
942 2434 1139 2477 Plautum,
1165 2434 1226 2468 sed
1251 2434 1299 2468 ad
1327 2433 1533 2467 Terentium
1560 2431 1674 2473 (And.

151 2490 238 2531 941)
261 2488 434 2531 respicere
464 2488 549 2523 inde
581 2489 774 2531 concludo,
805 2488 901 2532 quod
934 2486 1066 2522 Gomm.
1102 2488 1143 2521 in
1177 2487 1333 2521 Zachar.
1362 2485 1416 2519 II
1436 2488 1460 2518 3
1498 2489 1520 2518 t.
1556 2484 1612 2517 VI
1639 2483 1675 2516 B

146 2551 185 2584 Ρ.
211 2543 282 2574 851
310 2544 342 2575 et
367 2541 470 2576 Dial.
498 2552 525 2576 c.
553 2541 677 2586 Pelay.
707 2542 761 2575 II
786 2544 834 2575 30
859 2544 882 2574 t.
911 2541 966 2573 II
989 2540 1025 2574 B
1046 2552 1083 2585 Ρ.
1112 2544 1186 2574 v780
1212 2539 1348 2574 nodum
1375 2539 1411 2572 in
1439 2537 1576 2581 scirpo,
1602 2546 1676 2570 uon

150 2594 188 2627 in
215 2592 338 2638 scirpo
364 2594 516 2638 nodum,
540 2595 666 2630 habet:
699 2605 811 2639 neque
836 2595 877 2628 in
903 2595 1127 2628 contrariam
1150 2597 1289 2637 partem
1316 2593 1408 2626 valet
1435 2590 1571 2625 Contra
1597 2589 1674 2622 Ioh.

150 2646 332 2682 Hiero-sol.
359 2658 385 2682 c.
414 2649 436 2681 3
461 2650 486 2683 t.
512 2647 563 2682 II
585 2648 622 2682 A
648 2659 687 2692 Ρ.
722 2650 813 2682 4()9.·
844 2646 908 2690 qui
938 2647 1110 2681 inimicus
1144 2648 1201 2680 est
1227 2644 1363 2680 ctiam
1399 2643 1437 2677 in
1464 2643 1584 2686 scirpo
1611 2654 1675 2677 no-

151 2699 237 2733 dum
265 2699 420 2743 quaerit.

271 2756 350 2787 249.
377 2751 538 2787 facessas
571 2755 609 2788 eb
647 2753 839 2788 discaueas
875 2753 1091 2789 SaraeeuuS.
1142 2753 1303 2787 facessas
1343 2750 1491 2785 doctum
1528 2750 1565 2782 et
1603 2749 1676 2782 dis-

152 2817 286 2841 caueas
307 2806 345 2840 'R
375 2818 454 2840 cum
489 2806 696 2842 Camerario
725 2808 808 2852 ‘quo
835 2811 954 2842 tamen
978 2811 1105 2852 poetae
1136 2816 1265 2840 manus
1291 2805 1459 2838 restituta
1484 2813 1554 2836 esse
1579 2803 1677 2837 credi

150 2860 304 2904 nequit’.
356 2859 517 2894 facessas
549 2860 661 2904 aeque
692 2860 763 2894 tibi
796 2872 926 2895 causas
960 2860 1148 2905 Kayser-us
1175 2860 1196 2892 Ι.
1223 2871 1248 2890 s.
1276 2870 1302 2891 s.
1328 2868 1362 2901 Ρ.
1391 2860 1470 2890 419.
1523 2856 1594 2890 hau
1621 2857 1675 2891 fa-

151 2924 274 2947 cessas
300 2913 472 2956 doctum,
499 2913 529 2948 si
555 2924 688 2949 caueas
714 2914 873 2949 Brioeius
899 2915 1109 2948 dubitanter
1135 2913 1213 2956 (ubi
1239 2911 1290 2952 si,
1322 2922 1394 2945 non
1422 2911 1513 2951 han,
1543 2910 1675 2953 probat
