1946 3344
268 191 388 228 XVIII
887 191 1162 227 PRAEFATIO

268 302 511 344 notavimus
544 301 719 355 accedit,
751 301 862 355 quod
895 301 1053 342 bellum
1087 301 1198 342 inter
1231 300 1409 343 Aetolos
1435 301 1652 358 Aleosque
1684 316 1795 344 com-

270 376 554 415 memoratum
586 373 629 414 in
665 372 746 414 hac
779 372 926 413 fabula
959 373 1152 427 quamvis
1186 372 1413 414 obscurum
1448 373 1521 424 sit,
1551 373 1596 414 in
1627 374 1795 415 univer-

270 460 363 486 sum
395 447 541 486 tamen
567 457 705 486 novae
733 443 976 485 comoediae
1002 443 1269 498 temporibus
1295 443 1564 498 probabilius
1595 444 1796 486 tribueris

270 531 319 558 ex
351 530 529 571 graecae
560 515 768 557 historiae
810 515 1020 556 memoria
1052 514 1378 570 civitatiumque
1419 529 1669 570 graecarum
1701 530 1796 557 con-

269 587 521 629 dicionibus.

387 657 486 700 Non
524 658 663 713 magis
703 659 874 699 constat
913 656 963 698 de
1004 662 1199 711 tempore
1238 671 1322 711 quo
1366 659 1462 699 acta
1501 657 1558 699 sit
1593 657 1797 700 Plautina

269 730 432 771 fabula:
463 744 600 784 neque
626 730 741 770 enim
775 731 885 770 recte
906 727 1149 784 Herzogius
1170 728 1196 769 l.
1213 742 1243 770 s.
1259 743 1290 770 s.
1312 728 1578 770 Turdetanos
1601 728 1656 783 (v.
1681 727 1798 784 183),

270 801 400 843 Boios
434 800 491 857 (v.
523 798 646 856 888),
683 813 830 854 regem
869 812 1018 854 regum
1051 799 1108 853 (v.
1141 798 1265 854 823),
1304 799 1372 840 cui
1410 799 1611 841 basilicas
1651 799 1796 842 edicti—

270 887 371 914 ones
405 873 461 925 (v.
496 872 618 924 [811]
653 869 756 926 814)
801 885 1027 925 perperam
1073 869 1286 924 adiunxit,
1331 884 1381 911 ex
1423 885 1633 912 annorum
1667 870 1796 926 562s3

271 959 306 985 a.
339 959 378 984 u.
413 958 443 984 0.
477 943 603 984 rebus
643 942 777 997 gestis
817 942 1145 983 commemorari
1181 941 1370 995 putavit,
1415 956 1511 982 cum
1557 957 1607 983 ex
1651 942 1795 997 singu-

268 1015 409 1056 lorum
442 1014 515 1055 ubi
549 1016 719 1055 exstant
750 1013 943 1054 locorum
977 1012 1225 1054 condicione
1254 1013 1428 1067 proprio
1463 1013 1659 1055 acumine
1691 1014 1798 1055 haec

269 1085 453 1127 maxime
486 1085 731 1126 adhibuerit
763 1087 904 1138 poeta.

388 1156 499 1198 Tota
537 1170 637 1198 vero
671 1155 818 1197 fabula
852 1153 921 1196 ‘ad
952 1155 1129 1209 pudicos
1163 1168 1302 1196 mores
1334 1153 1464 1196 facta'
1498 1170 1594 1196 cum
1634 1157 1676 1196 et
1713 1155 1797 1209 ipsi

269 1230 422 1282 poetae
468 1229 638 1281 praeter
680 1229 844 1269 ceteras
887 1225 1098 1281 placuerit
1143 1228 1186 1267 et
1231 1225 1379 1267 multis
1430 1225 1519 1266 eius
1563 1225 1796 1267 lectoribus

270 1298 386 1340 velut
407 1297 654 1340 Camerario
678 1296 990 1352 Lessingioque
1022 1298 1184 1350 nostro,
1219 1311 1308 1338 non
1340 1311 1426 1338 uno
1458 1296 1631 1338 nomine
1663 1311 1798 1351 nuper

268 1370 514 1423 vituperata
551 1372 617 1410 est
655 1384 680 1410 a
715 1368 920 1423 Langeno
953 1368 999 1408 in
1036 1368 1146 1409 libro
1188 1368 1325 1409 bonae
1364 1367 1501 1422 frugis
1534 1367 1798 1421 plenissimo,

269 1441 337 1482 cui
382 1440 607 1495 inscripsit
645 1439 957 1481 ‘Plautinische
991 1437 1236 1494 Studien'*)
1275 1437 1469 1479 Berolini
1507 1438 1569 1480 ed.
1614 1453 1649 1480 a.
1685 1438 1796 1480 1886

268 1527 307 1566 p.
327 1513 409 1553 116
427 1526 517 1566 sqq.
574 1511 637 1552 Ac
659 1511 708 1552 de
732 1510 951 1552 nonnullis
985 1510 1125 1564 rebus,
1157 1509 1201 1550 in
1235 1510 1389 1564 quibus
1422 1512 1497 1550 aut
1529 1509 1796 1551 consentiam

270 1585 344 1624 aut
371 1582 622 1624 dissentiam
650 1597 746 1624 cum
768 1581 859 1623 viro
891 1580 1204 1622 humanissimo
1231 1580 1318 1621 iam
1344 1581 1389 1621 in
1415 1580 1648 1635 appendice
1670 1578 1797 1636 (adde

269 1669 308 1708 p.
341 1653 447 1696 XVI
481 1653 592 1709 adn.)
626 1650 858 1708 monui**),
891 1651 941 1693 de
974 1652 1070 1694 aliis
1097 1651 1178 1693 hoc
1209 1651 1303 1693 loco
1335 1652 1482 1706 paucis
1517 1651 1743 1706 disputem.

268 1771 307 1805 in
328 1771 379 1805 eis
399 1771 463 1814 qui
484 1771 598 1816 agant
616 1769 654 1804 in
681 1780 815 1804 scaena
840 1779 966 1804 omnes
993 1778 1032 1802 se
1058 1767 1287 1802 ostenderint
1318 1767 1588 1812 spectatoribus
1621 1767 1796 1813 loquente

269 1823 420 1860 domino
447 1824 582 1870 gregis.
623 1823 855 1867 Quamquam
880 1833 955 1857 non
980 1820 1195 1866 negaverim
1221 1832 1266 1855 ex
1285 1819 1367 1865 ipso
1393 1819 1507 1855 etiam
1532 1831 1599 1854 usu
1626 1821 1797 1855 scaenico

268 1876 372 1922 loqui
397 1889 505 1923 posse
530 1877 735 1912 Horatium.

365 1930 398 1976 *)
425 1931 473 1965 Et
504 1930 565 1965 1110
591 1930 686 1965 liber
712 1931 749 1964 et
775 1928 941 1964 Crameri
967 1927 1178 1962 dissertatio
1211 1927 1256 1962 de
1282 1926 1438 1971 perfecti
1475 1926 1702 1961 coniunctivi
1727 1938 1796 1961 usu

270 1984 468 2029 potentiali
488 1982 680 2029 Marburgi
707 1982 762 2018 ed.
785 1993 815 2016 a.
839 1986 929 2017 1886
958 1983 994 2016 et
1020 1980 1189 2016 Caesaris
1215 1979 1363 2015 libellus
1389 1980 1434 2014 de
1459 1979 1586 2015 Plauti
1616 1979 1797 2014 memoria

269 2039 370 2083 apud
396 2038 558 2072 Nonium
585 2037 735 2071 servata
761 2035 905 2080 plenius
932 2045 1016 2069 mox
1040 2033 1364 2069 dissertationibus
1386 2032 1697 2079 Argoi-atensibus
1722 2033 1795 2067 vol.

270 2091 320 2125 XI
345 2090 560 2126 inserendus
586 2090 625 2124 in
650 2100 780 2124 manus
807 2098 908 2122 meas
934 2088 1192 2131 pervenerunt,
1223 2099 1304 2122 cum
1331 2087 1405 2122 iam
1433 2089 1523 2122 11300
1550 2087 1664 2122 editio
1691 2087 1794 2121 abso-

270 2144 349 2178 luta
382 2146 419 2179 et
444 2143 674 2188 bibliopolae
708 2142 849 2177 tradita
875 2142 990 2175 esset:
1024 2140 1087 2175 sed
1119 2139 1216 2174 inter
1249 2140 1507 2184 corrigendum
1533 2139 1682 2174 illorum
1715 2150 1795 2174 sen-

268 2197 407 2231 tentias
434 2196 594 2232 inserere
621 2196 736 2242 potui.

363 2250 417 2293 **)
443 2249 497 2285 De
517 2263 549 2284 v.
572 2253 657 2293 288,
690 2259 800 2293 quem
827 2245 1070 2292 vituperavit,
1096 2256 1171 2280 non
1197 2246 1348 2280 seclusit
1368 2246 1584 2290 Langenus‚
1612 2246 1673 2280 1110
1698 2246 1793 2280 addo

269 2304 389 2338 minus
416 2305 516 2338 recte
543 2302 717 2337 contendi
742 2301 781 2346 (1.
809 2312 836 2335 S.
864 2312 890 2335 S.
916 2312 952 2345 p.
983 2300 1063 2343 118)
1100 2299 1227 2334 “hiante
1257 2311 1295 2334 eo·
1319 2299 1397 2333 hier
1422 2300 1523 2334 nicht
1555 2299 1624 2334 den
1648 2299 1795 2333 wahren

271 2357 416 2392 Numen
445 2356 697 2401 hinzuyef‘c'iqt,
729 2365 767 2390 so
796 2354 919 2389 warde
945 2353 1063 2398 He‘qz‘o
1095 2352 1193 2386 nicht
1218 2353 1345 2386 umhin
1375 2352 1528 2396 gyelromzt
1560 2352 1677 2386 haben
1701 2353 1795 2386 auch

269 2410 414 2444 danaeh
438 2420 484 2445 zu
508 2409 690 2455 frayen’':
717 2419 801 2442 nam
830 2418 912 2441 cum
933 2419 965 2441 v.
983 2409 1049 2440 633
1066 2415 1146 2448 sqq.
1174 2406 1301 2448 aperte
1316 2416 1383 2449 pro
1397 2405 1494 2439 iusto
1510 2404 1657 2438 nomine
1672 2403 1792 2448 Hegio

270 2463 447 2498 ficticium
473 2462 630 2505 habeat,
662 2472 790 2496 verum
822 2460 986 2505 ignoret,
1021 2457 1149 2501 quidni
1180 2457 1280 2492 idem
1306 2459 1456 2502 poetam
1481 2457 1604 2502 priore
1630 2456 1712 2492 loco
1739 2457 1791 2491 in-

271 2516 424 2551 stituere
451 2516 516 2550 aut
540 2514 706 2560 potuisse
733 2516 797 2548 aut
818 2512 988 2547 debuisse
1015 2511 1286 2546 concedamus?
1325 2509 1483 2544 Omnino
1509 2511 1632 2544 autem
1661 2521 1792 2545 caven—

271 2570 357 2603 dum
376 2579 423 2603 ne
444 2567 674 2603 comoediam
695 2567 742 2601 ad
762 2566 961 2601 severiores
987 2563 1149 2598 rationes
1169 2563 1544 2607 ratiocinationesque
1563 2574 1792 2598 revocemus.

272 2623 392 2665 Quare
430 2622 524 2656 illud
564 2632 712 2666 quoque
749 2619 916 2664 improbo
955 2616 1055 2661 quod
1087 2627 1168 2650 cum
1202 2616 1406 2650 Dombarto
1438 2616 1635 2661 Langenus
1661 2628 1695 2660 p.
1725 2619 1790 2650 121

271 2675 416 2719 lapsum
448 2673 648 2709 memoriae
681 2673 721 2706 in
747 2682 790 2706 eo
823 2671 1006 2715 agnoscit,
1039 2670 1137 2713 quod
1163 2682 1194 2704 v.
1225 2672 1292 2703 703
1319 2668 1438 2713 Hegio
1467 2669 1638 2714 Tyndaro
1674 2669 1791 2704 dicat:

271 2729 397 2763 votum
428 2731 461 2762 te
491 2728 683 2772 quicquam
713 2726 764 2760 mi
794 2725 897 2760 hodie
927 2724 1060 2766 falsum
1087 2722 1275 2766 proloqui,
1312 2733 1395 2756 cum
1428 2734 1460 2757 v.
1488 2726 1556 2757 264
1587 2721 1791 2756 Philocrati

271 2781 395 2825 potius
422 2780 571 2815 dixerit:
600 2790 753 2824 quarum
772 2789 892 2813 rerum
918 2780 949 2811 te
973 2776 1182 2819 falsidicum
1202 2775 1252 2809 mi
1272 2785 1342 2809 esse
1360 2776 1452 2810 nolo.
1491 2774 1588 2810 Nam
1608 2773 1679 2809 etsi
1698 2775 1791 2808 haec

272 2835 385 2869 verba
410 2834 561 2878 propius
587 2844 666 2868 sese
694 2832 902 2877 attingunt,
927 2831 1052 2864 tamen
1079 2828 1206 2863 eadem
1234 2827 1418 2862 sententia
1443 2840 1477 2863 v.
1503 2831 1571 2862 296
1596 2826 1670 2872 ipsi
1695 2826 1790 2871 Tyn—

272 2887 360 2922 daro
383 2887 490 2922 dixit:
517 2888 574 2922 hic
593 2887 729 2930 fassust
753 2886 852 2928 mihi,
877 2885 962 2919 haec
987 2883 1107 2918 eadem
1125 2882 1158 2916 si
1182 2881 1344 2924 confiteri
1362 2881 1427 2924 vis,
1446 2884 1512 2916 tua
1530 2891 1574 2915 em
1599 2891 1636 2915 re
1654 2881 1791 2924 feceris,

272 2941 335 2974 ubi
361 2941 554 2984 Tyndarus
588 2939 773 2975 concedit:
811 2938 895 2980 fecit
925 2937 1086 2980 officium
1117 2935 1174 2969 hic
1203 2945 1322 2977 suom,
1355 2945 1460 2979 quom
1487 2934 1586 2970 tibist
1609 2934 1792 2976 confessus
