1946 3344
270 200 354 242 130
907 200 1156 235 APPENDIX

266 298 424 334 Botliius
455 297 552 332 Nolo
584 297 637 333 vel
671 297 756 332 Non
791 296 846 330 ita
879 296 967 340 siet,
1000 296 1201 341 Geppertus
1236 296 1323 330 Noli
1355 295 1502 340 angier,
1540 295 1639 338 Quin
1670 295 1794 331 animo

265 353 394 388 bono's
421 353 590 394 Briaeius,
625 350 753 385 Gaude
786 351 897 385 modo
918 353 1003 394 post
1028 350 1119 384 alios
1148 350 1315 385 Gerteius
1346 353 1379 385 et
1403 350 1579 394 Krieyius
1604 351 1647 385 de
1672 353 1794 384 enunt.

266 417 414 442 concess.
443 416 500 450 ap.
528 405 584 439 Pl.
611 408 643 438 et
672 404 750 438 Ter.
778 403 831 440 eol.
857 395 947 437 Hal.
975 414 1007 437 a.
1036 405 1132 438 1884
1152 415 1191 447 p.
1218 407 1266 438 21
1294 403 1381 438 adn.
1403 404 1571 447 parasito
1610 404 1796 447 dederunt,

266 461 370 494 euius
395 460 512 494 oratio
537 459 665 493 melius
690 458 734 493 ab
759 456 839 492 Iam
866 468 936 500 ego
961 456 1111 500 incipit,
1136 457 1353 500 praesertim
1384 467 1464 491 eum
1489 457 1638 491 claudat
1668 455 1795 491 Gaude

266 514 453 547 audacter.
492 511 696 547 familiares
731 522 758 545 e.
789 521 844 555 qr.
875 510 994 554 suppl.
1027 510 1115 544 conl.
1153 508 1236 544 Cist.
1271 509 1336 544 IV
1363 512 1402 554 2,
1435 513 1483 545 60
1519 507 1654 555 (possis
1689 511 1796 545 etiam

266 576 451 600 maerores
478 567 516 599 et
540 575 730 609 aegrores,
755 564 829 607 al).

361 622 442 653 841.
469 630 601 653 exuam
621 629 683 653 ms.
697 618 830 662 Lana,
855 617 951 651 unde
978 615 1099 651 eluam
1114 617 1330 652 Gulielmius
1349 616 1460 652 Veris.
1471 628 1510 662 p.
1526 619 1608 651 301.
1637 617 1795 652 eximam

265 672 319 707 Io.
346 672 607 716 Hoffmannus.
658 672 712 715 Cf.
739 670 936 706 Acidalius
962 670 983 704 l.
1010 680 1037 704 3.
1063 681 1089 705 s.

361 730 440 761 843.
480 727 544 760 sed
579 726 664 760 iube
700 725 870 771 Pylades.
905 743 948 748 —
982 721 1131 772 iubeam
1161 723 1250 767 quid
1277 723 1440 758 GuietuS.
1471 744 1511 748 —
1539 723 1596 757 uis
1622 723 1796 757 iubeam?

266 780 320 814 vel
346 779 518 814 iubeam?
547 778 659 818 {Flam
685 776 885 812 Muellerus
911 776 1013 811 Ρνο3.
1029 788 1068 822 p.
1085 780 1166 812 647.
1194 776 1342 812 iubeam
1368 781 1480 811 nam?
1506 775 1548 812 Ε
1575 777 1634 820 (ef.
1649 787 1681 811 v.
1697 776 1795 819 799).

270 853 308 857 —
337 832 377 867 V.
404 836 472 867 844
500 832 590 877 quid
616 831 654 866 in
681 842 724 866 eo
749 831 831 866 uolt
850 830 948 864 urier
976 828 1218 873 Camerarius,
1242 830 1340 865 unde
1366 829 1455 874 quid
1487 828 1648 865 uolturie
1675 830 1798 865 elicuit

265 886 473 922 Palmerius
499 888 521 922 l.
547 898 574 922 s.
601 897 627 922 s.

362 944 440 977 846.
467 940 547 986 igni
574 940 677 976 aulas
700 940 910 985 Geppertus.
936 937 1011 971 iam
1038 936 1144 970 aulas
1172 937 1375 971 Muellerus
1399 937 1505 972 Pros.
1515 948 1553 982 p.
1570 939 1654 972 548.
1681 936 1797 971 auxil-

266 994 322 1028 las
343 995 508 1030 Kocliius
524 995 624 1030 Illus.
639 994 756 1029 Rlzen.
778 991 897 1028 XXV
908 1004 948 1037 p.
965 995 1047 1026 619.
1069 988 1220 1033 aquales
1235 988 1287 1025 Q.
1304 1010 1349 1015 —
1363 990 1469 1024 aulas
1490 989 1620 1024 astitui
1634 989 1796 1024 Guietus.

362 1051 442 1083 847.
470 1049 598 1083 ebolas
625 1047 845 1083 Hermolaus
870 1045 1065 1080 Barbarus
1090 1044 1132 1078 in
1152 1043 1382 1081 Corolloriis:
1408 1047 1513 1088 atque
1538 1043 1666 1078 obolas
1688 1042 1796 1077 Barb.

267 1100 384 1136 Corol.
413 1104 456 1135 65
482 1102 524 1136 in
549 1101 585 1135 B
611 1103 726 1136 aclser.
754 1112 798 1134 m.
829 1098 963 1134 Camer.
992 1098 1057 1141 (an
1090 1096 1208 1131 Varro
1228 1097 1250 1131 l.
1272 1097 1293 1132 l.
1322 1096 1410 1131 VII
1427 1100 1499 1131 108
1524 1098 1591 1131 has
1617 1095 1796 1140 e(x)bolas

259 1155 393 1198 paruit
402 1154 448 1199 Β).
477 1176 516 1179 -
547 1154 710 1189 Lar-dum
737 1155 775 1188 el}
801 1152 976 1197 caepulas
998 1151 1208 1195 Geppertus.
1236 1150 1378 1194 epulas,
1404 1151 1445 1184 (le
1464 1161 1533 1194 quo
1552 1151 1659 1185 silent
1683 1149 1799 1193 ceteri,

264 1207 427 1252 ineptum
451 1208 484 1242 li.
512 1208 533 1242 l.
560 1218 671 1252 neque
689 1207 888 1251 quidquam
914 1205 1036 1249 aptius
1055 1202 1180 1247 pernis
1207 1204 1264 1247 (ef.
1285 1214 1316 1238 v.
1338 1205 1420 1238 903.
1443 1206 1516 1238 907
1529 1204 1606 1248 sep).
1640 1202 1741 1238 Vnde
1767 1206 1815 1236 et·

264 1260 375 1295 liuius
390 1271 421 1296 v.
437 1264 470 1295 et
481 1271 513 1296 v.
528 1263 601 1295 350
622 1260 861 1305 corruptelam
882 1259 931 1293 ad
945 1260 1167 1294 correcturas
1185 1257 1277 1291 male
1296 1257 1468 1300 confusas
1487 1257 1737 1292 revocaverim.
1751 1276 1798 1281 —-

265 1313 398 1348 foculis
425 1313 716 1348 feruescenbibus
742 1313 910 1358 Pylades.
938 1308 1070 1345 foculis
1095 1310 1135 1343 in
1160 1309 1390 1344 feruentibus
1417 1309 1706 1345 Lindemannus.
1737 1319 1797 1344 co-

269 1366 361 1401 culis
386 1365 410 1400 f.
438 1367 653 1403 Lambinus.
681 1365 832 1401 ferculis
857 1364 882 1400 f.
910 1364 1108 1399 Bentleius.

361 1423 441 1455 850.
468 1420 525 1456 De
551 1421 644 1456 bene
671 1430 748 1455 esse
775 1420 820 1462 of.
849 1417 1066 1453 Gulielmius
1095 1416 1160 1462 Qu.
1189 1417 1231 1451 in
1250 1417 1363 1462 Epid.
1387 1429 1426 1462 p.
1443 1420 1514 1452 385
1528 1428 1576 1461 sq.
1599 1437 1642 1441 —
1662 1427 1798 1461 pernas

266 1474 433 1509 Botliius.
490 1474 685 1518 pernulam
727 1473 937 1518 Geppertus.
995 1481 1212 1505 muraenam
1250 1471 1515 1506 Fleckeisenus.
1573 1481 1797 1515 pereamque

265 1528 436 1562 Brioeius.
481 1527 583 1562 Male
608 1527 708 1562 Plin.
736 1526 785 1560 N.
813 1526 862 1561 H.
891 1523 1062 1560 XXXII
1081 1527 1140 1568 11,
1166 1527 1209 1559 51
1241 1525 1461 1560 adhibebant
1487 1524 1694 1560 Saracenas
1719 1524 1797 1559 alii.

269 1579 324 1624 Cf.
353 1581 402 1616 ad
425 1592 457 1615 υ.
485 1584 568 1616 847.
595 1601 640 1606 —-
667 1578 858 1625 optaleam
889 1577 1005 1613 Valla.

361 1637 440 1669 851.
468 1632 655 1669 Heraeum
682 1632 890 1667 scombrum
912 1631 1080 1677 Pylades.
1107 1631 1304 1674 Heraeum,
1332 1632 1541 1667 scombrum
1567 1631 1684 1676 vulyo.
1723 1631 1797 1665 Ho-

266 1699 393 1722 raeum
420 1690 458 1723 et
483 1687 693 1722 scombrum
720 1686 897 1729 Botliius,
931 1685 1015 1728 fort.
1047 1687 1156 1719 reete:
1190 1686 1283 1720 idem
1314 1686 1512 1729 trugonem
1540 1685 1715 1730 (trygona
1745 1684 1799 1719 vel

265 1741 417 1786 triglam
443 1742 628 1787 Pylades),
653 1741 748 1785 quod
780 1740 833 1774 vel
859 1741 943 1784 post
974 1737 1146 1772 Lobeelcii
1177 1738 1343 1783 Paralip.
1375 1749 1429 1784 9r.
1455 1749 1508 1783 qr.
1530 1749 1569 1782 p.
1597 1739 1670 1773 138
1708 1737 1797 1772 alio-

265 1806 415 1840 rumque
440 1795 704 1840 disputationes
728 1792 988 1838 redinteyravit
1018 1790 1231 1835 Vssinyius..

362 1852 442 1883 856.
481 1848 523 1882 ut
547 1848 584 1882 te
610 1848 652 1881 tu
678 1846 840 1882 Bosseha
865 1855 909 1880 ex
934 1843 1039 1878 Leia.
1065 1845 1145 1879 tute
1178 1846 1219 1878 ut
1243 1844 1419 1880 Botliius3
1444 1855 1487 1879 ece
1512 1855 1583 1888 rey.
1612 1843 1728 1889 Neap.
1757 1844 1799 1878 111,

266 1902 364 1936 ultro
391 1900 433 1937 Ξ
459 1901 550 1936 conl.
581 1901 660 1935 Ter.
687 1900 789 1935 Eun.
816 1910 846 1933 v.
869 1900 952 1933 813.
981 1917 1024 1922 —
1052 1897 1094 1930 ut
1117 1897 1240 1932 facere
1267 1901 1455 1943 sumptum
1475 1898 1542 1942 (te)
1564 1897 1693 1942 cupias
1720 1897 1796 1932 Gu-

265 1956 367 1990 ietuS.
402 1954 443 1990 V.
471 1957 538 1989 857
572 1954 667 1988 Tute
701 1952 944 1988 Camerarius.
972 1950 1028 1985 De
1055 1951 1111 1985 Tu
1139 1961 1186 1984 ne
1211 1951 1258 1994 ef.
1285 1950 1510 1986 Seliraderus
1536 1952 1558 1986 l.
1584 1962 1611 1987 3.
1637 1962 1664 1987 3.
1685 1962 1725 1996 p.
1753 1955 1796 1986 11

269 2010 372 2053 (256)
399 2009 484 2043 acln.
1490 2011 1493 2017 ⁴

363 2065 431 2096 860
445 2072 495 2106 sq.
523 2060 731 2095 sentieebod
757 2059 978 2094 Ritsehelius
1003 2057 1095 2092 Nov.
1116 2057 1209 2092 Eaec.
1231 2057 1288 2092 Pl.
1316 2057 1344 2091 I
1357 2069 1396 2102 p.
1412 2060 1470 2093 75.
1514 2057 1568 2100 Cf.
1597 2057 1799 2093 Muellerus

267 2115 370 2151 Pros.
393 2128 430 2160 p.
449 2117 532 2159 548,
556 2115 621 2149 ubi
641 2114 812 2159 proaeimo
837 2123 942 2148 versu
965 2112 1061 2146 velut
1084 2121 1175 2145 uasa
1200 2122 1294 2155 pura
1320 2111 1492 2145 adornari
1517 2110 1589 2145 tibi
1614 2114 1793 2155 exspectat

268 2168 499 2214 (appararier
526 2167 776 2210 Camerarius,
803 2165 973 2200 celeriter
992 2176 1064 2210 pro
1090 2164 1164 2199 cito
1191 2163 1415 2210 Spenyelius,
1440 2164 1540 2199 intus
1567 2164 1641 2199 cito
1667 2163 1735 2209 S).

363 2225 441 2257 862.
470 2233 695 2266 propensum
724 2221 827 2255 Pius.
854 2229 1009 2264 propere
1037 2217 1210 2262 Scaliyer,
1243 2218 1303 2252 eui
1328 2229 1442 2252 unum
1473 2218 1605 2253 adiecit
1629 2218 1798 2261 Bothius,

268 2279 351 2310 ante
371 2274 509 2310 adferri
524 2274 563 2309 F
569 2275 782 2310 leekeisenus
807 2274 895 2317 hue,
907 2272 1120 2317 Spenyelius
1133 2271 1182 2305 ad
1201 2272 1249 2306 te.
1277 2270 1475 2316 propritim
1488 2271 1687 2307 Bentleius.
1716 2281 1798 2315 pro-

268 2329 407 2374 periter
434 2328 611 2363 Goeteius.
639 2348 683 2353 —
711 2328 776 2362 aut
801 2326 1006 2371 porcellam
1031 2324 1168 2358 adferri
1193 2324 1394 2359 Muellerus
1422 2325 1525 2359 Pros.
1547 2336 1585 2369 p.
1615 2326 1686 2359 548
1709 2324 1796 2359 adn.

267 2382 329 2417 Aa
354 2382 595 2426 propteruom
621 2382 666 2423 cf.
693 2381 802 2415 Lacr.
824 2380 875 2414 ΙΙ
896 2382 970 2414 368
996 2381 1027 2412 et
1054 2378 1152 2413 Serv.
1180 2379 1228 2412 acl
1254 2378 1344 2412 Aen.
1372 2378 1463 2412 XII
1483 2380 1565 2412 170.

363 2438 444 2470 863.
472 2434 568 2476 Quoi
593 2435 728 2470 deum?
756 2434 771 2466 ff
790 2432 883 2467 Mihi
909 2431 1062 2477 quidem
1082 2431 1204 2466 hercle
1225 2430 1480 2466 Fleckeisenus
1500 2430 1560 2475 (ef.
1582 2430 1798 2475 Spengelius

269 2490 292 2524 l.
318 2499 345 2523 3.
372 2499 398 2523 3.
419 2499 460 2533 p.
486 2489 582 2532 448).
612 2508 653 2512 —-
680 2486 751 2521 bibi
778 2498 874 2521 nune
903 2485 1145 2520 Camerarius.

366 2546 446 2579 865.
491 2541 602 2576 Proin
628 2542 670 2575 ‘eu
696 2541 804 2575 deum
832 2541 951 2574 hunee
979 2538 1228 2582 Camerarius,
1254 2537 1521 2572 Fulirmannus
1545 2536 1683 2570 Annal.
1705 2535 1797 2580 phil,

270 2595 427 2632 XCVII
441 2607 479 2640 p.
496 2598 586 2630 854:
613 2596 658 2637 ef.
676 2594 877 2628 Muellerus
905 2592 1090 2627 ‘Nachtrz’
1113 2604 1153 2637 p.
1170 2594 1250 2626 131.
1289 2590 1449 2626 Proinde
1475 2591 1516 2624 tu
1543 2590 1653 2624 deum
1677 2588 1797 2623 hunee

273 2650 415 2685 Pareus
442 2650 624 2693 (itemque,
660 2648 721 2682 secl
752 2647 850 2680 hunc
880 2646 1086 2688 Bentleius,
1121 2645 1392 2686 Fleckeisenus,
1430 2643 1589 2678 Proinde
1622 2642 1731 2677 deum
1756 2642 1798 2675 tu

269 2704 368 2738 hunc
383 2702 609 2747 Geppertus).
636 2700 747 2735 Proin
773 2699 883 2734 deum
909 2699 950 2732 tu
976 2698 1073 2731 hune
1086 2697 1245 2731 Briaeius
1269 2697 1475 2741 obloquente
1500 2696 1673 2741 Seyfferto
1693 2695 1714 2729 l.
1729 2705 1757 2729 3.
1770 2705 1797 2729 s.

264 2768 303 2801 p.
318 2759 428 2799 1350,
452 2755 668 2791 Abrahama
688 2755 709 2789 l.
724 2764 751 2788 s.
766 2764 792 2788 3.
814 2764 853 2798 p.
868 2754 954 2795 204,
980 2751 1170 2795 Kaempfio
1197 2750 1218 2784 l.
1239 2760 1265 2784 3.
1293 2760 1320 2784 s.
1341 2761 1381 2794 p.
1403 2752 1460 2785 37.
1489 2749 1651 2784 Ceterum
1675 2759 1706 2783 v.
1729 2751 1796 2783 867

265 2810 400 2854 pudice
425 2820 490 2845 om.
514 2808 763 2843 Camerarius:
789 2809 878 2841 recte
892 2803 1059 2850 personis
1084 2803 1273 2837 distribuit
1293 2802 1480 2837 Meursius
1499 2801 1630 2836 Exere.
1650 2811 1698 2836 er.
1721 2801 1749 2834 I
1757 2812 1796 2845 p.

272 2867 331 2906 50,
357 2863 432 2897 nisi
457 2863 553 2907 quod
572 2865 637 2897 aut
662 2862 905 2904 interruptam
919 2861 1003 2903 post
1022 2867 1113 2901 puer
1132 2856 1330 2890 orationem
1351 2859 1416 2890 aut
1429 2856 1646 2898 deficientem
1659 2854 1796 2888 habuit.

270 2915 369 2951 Ibid.
397 2916 594 2950 consuetus
621 2925 686 2949 om.
714 2923 753 2948 es
780 2909 1053 2956 ‘firmissimum’
1082 2909 1186 2943 habet
1214 2908 1364 2943 Clsenus
1390 2909 1410 2944 l.
1438 2919 1464 2943 3.
1490 2918 1517 2942 3.
1539 2919 1578 2953 p.
1605 2909 1665 2943 32.

369 2972 447 3003 870.
475 2969 541 3002 Hm.
568 2967 653 3002 Non
678 2968 719 3001 tu
746 2965 837 3000 mihi
859 2965 994 3009 places,
1021 2963 1080 2997 abi
1102 2962 1297 2997 Acidalius
1317 2963 1402 2996 Dio.
1424 2973 1462 3006 p.
1482 2965 1562 2996 100.
1584 2981 1625 2986 -
1649 2959 1798 2994 stultu's
