1946 3344
238 200 323 236 VllI
863 169 1135 233 PRAEFATIO

239 309 448 364 iudicant,
492 323 567 364 per
606 307 847 349 Rudentem
892 307 1063 362 egregie
1110 309 1153 348 et
1190 307 1435 349 confirmari
1477 311 1519 350 et
1557 308 1764 350 illustrari

239 381 397 422 dudum
432 381 690 422 monuerunt
723 378 860 420 critici
872 376 927 434 θ’)
978 378 1110 427 Quem
1139 393 1235 420 011111
1263 394 1287 420 a
1312 379 1451 420 media
1478 394 1585 434 quae
1612 379 1766 421 dicitur

240 452 460 494 comoedia
480 466 612 505 prope
634 450 791 492 afuisse
813 450 1010 504 sciamus,
1037 450 1119 492 11110
1139 452 1252 491 recte
1272 451 1531 492 rettulerunt
1551 450 1764 492 choricam

241 524 503 578 piscatorum
536 522 794 576 particulam
826 521 926 562 huic
958 521 1034 562 uni
1067 521 1311 563 comoediae
1338 522 1569 575 propriam.
1617 520 1764 563 Gravi—

242 597 374 636 tatem
409 607 508 634 vero
535 594 685 647 poetae
712 592 928 647 insignem
957 606 1052 633 011111
1081 591 1167 632 alia
1194 592 1389 634 redolent
1413 596 1505 634 tum
1534 593 1765 635 sacerdotis

242 681 348 708 anus
392 679 575 719 persona
613 665 717 705 item
759 677 934 717 prorsus
983 663 1235 717 singularis:
1280 663 1459 705 eundem
1497 664 1608 718 quod
1646 664 1766 719 frigi-

242 738 404 778 diorem
454 736 585 777 fuisse
632 736 835 790 arguunt,
885 748 972 775 non
1018 733 1129 775 male
1173 737 1463 788 provocarunt
1507 735 1560 776 ad
1604 734 1767 789 ‘partes

242 808 426 849 amantis
467 806 636 861 ephebi'
675 819 946 860 nequaquam
980 819 1029 846 ea
1062 807 1153 847 arte
1186 807 1449 847 sustentatas
1482 806 1526 847 in
1557 805 1766 860 Rudente,

241 895 371 935 quam
421 880 540 921 velut
588 879 633 920 in
678 877 807 919 simili
852 875 1122 919 Cistellariae
1175 880 1428 933 argumento
1474 893 1499 919 a
1542 876 1767 919 Menandri

241 951 417 1006 ingenio
448 951 619 992 adiutus
640 949 819 990 Plautus
840 948 1046 1003 probarit.
1091 947 1285 1002 Denique
1305 950 1354 990 ut
1374 949 1481 991 alias
1502 964 1568 990 res
1590 963 1766 1004 graecas

241 1036 346 1077 quas
399 1022 658 1063 memoratas
702 1018 945 1061 invenimus
997 1043 1052 1049 —
1103 1019 1425 1075 Palaemonem,
1475 1020 1769 1076 Philomelam,

241 1092 497 1147 Thyestam,
530 1092 730 1142 Tereum,
756 1083 957 1144 Thalem,
991 1089 1303 1146 Stratonicum,
1337 1092 1423 1134 alia
1453 1117 1501 1121 -—
1531 1093 1591 1134 ita
1617 1091 1767 1133 Alcu-

241 1178 417 1205 menae
456 1163 700 1218 Euripidi
739 1162 1000 1204 mentionem
1040 1177 1088 1204 ex
1129 1162 1308 1217 Diphilo
1341 1163 1543 1205 Plautum
1581 1165 1768 1204 transtu·

240 1236 342 1277 lisse
375 1234 652 1276 manifestum
686 1236 787 1276 erat,
1224 1239 1227 1242 “

362 1305 426 1347 De
458 1306 539 1347 hac
571 1320 670 1347 vero
697 1299 960 1347 Alcumenae
993 1305 1198 1346 memoria
1231 1307 1296 1346 est
1328 1306 1438 1359 quod
1472 1307 1598 1360 paulo
1632 1306 1768 1348 fusius

244 1378 393 1431 dicam,
421 1392 516 1418 cum
538 1377 591 1418 ab
614 1376 811 1419 omnibus
833 1391 1057 1430 perperam
1079 1376 1213 1430 accipi
1234 1376 1411 1417 videam.
1450 1376 1622 1419 Etenim
1644 1393 1680 1419 v.
1697 1378 1769 1419 86:

419 1447 519 1490 Non
552 1450 703 1489 uentus
742 1447 844 1501 fuit,
882 1461 1029 1488 uerum
1064 1447 1303 1489 Alcumena
1334 1447 1550 1502 Euripidi,

243 1535 367 1575 quem
401 1521 620 1574 eleganter
654 1520 714 1561 sic
747 1518 877 1560 vertit
909 1517 957 1560 Gr.
991 1517 1284 1560 Hermannus:

454 1592 499 1632 τί
528 1587 568 1632 δ’
605 1587 787 1644 ἅνεμος;
817 1586 1033 1644 Ἀλκμήνη
1068 1587 1147 1644 μὲν
1175 1583 1231 1644 ἦν
1264 1587 1527 1645 Εὐριπίδου,

242 1663 434 1717 plerique
468 1662 519 1703 ad
552 1663 853 1715 tempestatem
887 1661 1137 1712 trahebant,
1170 1677 1298 1716 quam
1326 1661 1521 1717 Iuppiter
1553 1662 1771 1717 movisset,

243 1734 436 1789 geminos
470 1748 565 1774 cum
599 1732 835 1773 Alcumena
869 1732 1111 1773 eniteretur.
1164 1732 1250 1773 Alii
1282 1733 1467 1787 primum
1499 1733 1643 1788 potius
1675 1747 1770 1774 011111

243 1806 420 1846 muliere
460 1804 617 1845 dilecta
656 1804 932 1845 concubitum
966 1803 1111 1844 Iovem
1152 1805 1408 1858 tempestate
1447 1804 1771 1846 commotiorem

242 1875 476 1917 reddidisse
522 1874 762 1917 credebant.
833 1873 1029 1916 Alciatus
1081 1876 1224 1916 autem
1266 1874 1571 1917 Alcmaeonem
1616 1875 1771 1917 substi-

242 1947 411 2002 tuebat,
451 1947 522 2001 qui
562 1948 699 1987 matre
738 1960 863 1987 caesa
895 1960 974 1999 per
1004 1945 1219 1987 insaniam
1258 1947 1426 2001 tegulas
1467 1961 1615 1988 omnes
1656 1946 1771 1988 domi

245 2018 541 2073 confregisset.
604 2016 695 2058 Iam
740 2020 840 2071 post
877 2016 1096 2058 Welckeri
1135 2017 1185 2058 de
1224 2017 1373 2058 fabula
1404 2017 1640 2072 Euripidea
1678 2031 1773 2059 con-

244 2090 428 2130 iecturas
464 2087 522 2145 (p.
556 2086 661 2144 691)
702 2088 888 2129 incertas
927 2090 1053 2142 atque
1086 2088 1335 2130 incertiores
1369 2088 1498 2130 etiam
1532 2089 1596 2130 vel
1628 2088 1771 2143 potius

244 2161 412 2214 ineptas
446 2160 679 2215 Hartungii
712 2159 877 2214 (Eurip.
910 2159 1044 2201 restit.
1078 2159 1099 2199 1
1131 2174 1169 2212 p.
1203 2159 1308 2214 535,
1347 2159 1420 2200 ubi
1453 2159 1506 2200 ab
1539 2159 1633 2213 ipsa
1665 2161 1770 2200 tem-

244 2231 428 2285 pestatis
475 2230 761 2286 descriptione
806 2230 1022 2284 profectus
1062 2229 1115 2271 ad
1148 2229 1443 2284 Tlepolemum
1475 2229 1772 2285 Licymniique

243 2316 388 2343 necem
431 2299 642 2357 pervenit)
697 2300 975 2342 Franckenus
1016 2300 1062 2355 (l.
1096 2316 1124 2342 s.
1162 2315 1191 2343 8.
1230 2316 1270 2356 p.
1312 2298 1387 2356 36)
1434 2301 1514 2342 sibi
1559 2302 1773 2355 persuasit

246 2373 356 2427 apud
395 2372 645 2426 Euripidem
684 2372 825 2414 Iovem
865 2386 952 2413 non
984 2371 1314 2426 Amphitruonis
1357 2371 1497 2413 forma
1539 2375 1771 2427 assumpta,

246 2444 317 2485 sed
352 2458 427 2498 per
458 2445 618 2484 tectum
647 2443 696 2484 de
724 2443 839 2484 caelo
868 2443 1066 2497 intrasse,
1099 2445 1147 2484 ut
1172 2442 1344 2484 Danaes
1372 2457 1648 2498 congressum
1676 2458 1770 2485 cum

243 2516 345 2558 love
377 2514 547 2569 tegulas
574 2514 827 2568 perpluente
854 2513 907 2555 ad
934 2513 1215 2555 Alcumenam
1243 2514 1532 2555 transtulerit!
1579 2514 1771 2569 Denique

246 2588 571 2640 Ostermeyerus
610 2584 678 2640 (dc
716 2585 813 2625 hist.
847 2584 931 2626 fab.
970 2585 1014 2625 in
1054 2599 1158 2626 com.
1191 2584 1253 2626 Pl.
1287 2584 1347 2627 ed.
1382 2584 1543 2639 Gryph.
1586 2601 1622 2627 a.
1659 2586 1770 2627 1884

246 2674 283 2711 p.
316 2654 393 2713 45)
439 2656 489 2697 ad
530 2656 879 2711 Engelmannum
917 2656 1185 2709 provocavit,
1225 2656 1298 2710 qui
1333 2654 1504 2712 (Annal.
1542 2656 1675 2698 instit.
1709 2671 1771 2698 ar-

246 2728 409 2769 chaeol.
443 2743 476 2769 a.
508 2728 620 2769 1872
653 2741 692 2781 p.
724 2727 775 2768 14
797 2725 907 2781 sqq.)
941 2741 989 2768 ex
1023 2727 1195 2767 vasculo
1228 2726 1344 2780 picto
1379 2727 1624 2780 exposuerit
1658 2727 1768 2781 apud

341 2839 373 2882 ³²)
397 2839 448 2874 Cf.
470 2839 556 2883 post
575 2838 667 2872 alios
680 2836 875 2872 Benoistus
898 2836 984 2871 edit.
1000 2848 1034 2880 p.
1050 2836 1132 2870 XIV
1149 2848 1229 2881 sqq.
1270 2836 1354 2871 Non
1373 2837 1531 2870 multum
1551 2836 1652 2871 valet
1672 2838 1770 2881 quod

249 2892 378 2934 fragm.
400 2891 469 2926 ine.
492 2894 547 2935 (31
559 2891 606 2926 M.
632 2891 763 2935 113K.)
783 2886 831 2924 ὂὶν
852 2889 946 2937 γνῷς
966 2890 1004 2923 τί
1021 2886 1095 2923 ἐστ’
1117 2886 1319 2933 ἄνθρωπος
1335 2885 1449 2932 ἡδίων
1465 2887 1769 2924 ἔσε1111111.ν.155

248 2944 411 2988 attingit.
435 2944 635 2979 Incertiora
648 2943 813 2989 sequitur
830 2942 965 2979 Birtius
976 2942 1159 2988 ‘Elpidcs’
1174 2942 1429 2987 cd.Marburgi
1444 2953 1475 2978 a.
1488 2945 1577 2978 1883
1591 2954 1625 2988 p,
1637 2947 1680 2979 56
1690 2955 1768 2988 sqq.
