1946 3344
284 195 367 237 134
920 195 1168 231 APPENDIX

279 291 456 326 Lambini
480 292 813 335 interpretationem
843 291 987 336 repetiit
1017 291 1201 326 Valilenus
1227 292 1248 326 l.
1274 302 1301 326 ε.
1328 302 1354 326 s.
1390 290 1430 325 V.
1458 295 1527 326 960
1557 302 1682 337 neque
1714 291 1814 327 recte

279 356 394 388 usque
420 344 542 380 adhuc
569 345 731 379 Guietus.
757 356 877 389 neque
904 345 991 379 dum
1017 345 1116 379 recte
1143 344 1263 379 adhuc
1290 344 1499 389 Geppertus.

376 402 455 433 962.
482 397 517 432 in
545 398 656 432 robur
681 397 835 442 Lipsius
861 399 909 432 ad
939 397 1021 432 Tac.
1047 398 1147 432 Ann.
1174 397 1239 432 IV
1262 400 1308 432 65
1327 409 1366 443 p.
1393 401 1476 432 107.

376 456 455 487 963.
485 450 610 485 credin
636 451 796 495 inperito
822 452 953 495 plagas
978 451 1143 485 minitari
1168 450 1285 487 mihi?
1324 451 1534 496 Geppertus.
1557 473 1599 477 -
1621 451 1812 487 minitabis

279 504 321 540 ἕξ
348 506 436 540 conl.
464 505 601 539 Briaeio
626 505 675 539 ad
703 505 788 539 Mil.
809 516 841 540 v.
863 507 935 540 505
960 508 992 540 et
1017 507 1101 540 396.

375 562 453 594 964.
482 558 615 602 dicque
632 558 864 593 Camerarius
884 560 940 602 (ac
955 558 1014 593 dio
1033 559 1074 593 in
1094 557 1156 602 B).
1185 557 1264 592 dice
1280 557 1468 593 Gruterus.
1495 557 1534 592 id
1554 558 1614 593 dio
1633 558 1813 594 Beck-erus

277 613 318 646 in
350 611 507 648 Student.
541 612 646 647 Stud.
678 612 705 645 I
722 623 762 657 p.
789 614 859 647 129
892 611 953 656 (ef.
973 622 1012 656 p.
1040 612 1135 656 148).
1169 632 1213 636 -
1246 610 1335 655 quid
1368 610 1492 646 adfers
1524 611 1733 657 Geppertus.
1767 633 1809 637 -—-

280 666 322 699 u‘n
349 664 441 699 scias
469 665 656 708 Gifanius.
712 683 717 687 1

376 722 442 753 965
458 730 508 764 sq.
546 718 729 753 facundus
761 730 826 754 om.
860 730 899 753 es
938 720 1091 754 Olsenus
1116 730 1156 763 p.
1182 721 1240 754 49.
1280 717 1389 753 dictis
1426 718 1513 753 uolo
1552 719 1812 763 compendium

280 773 454 807 Botlzius:
481 773 525 815 ef.
553 772 753 816 Lanyenus
777 772 889 807 Anal.
912 773 940 806 I
965 774 1028 814 (ed.
1049 784 1082 807 a.
1098 773 1214 816 1882)
1234 783 1272 817 p.
1301 775 1358 807 10.
1403 772 1462 807 De
1486 773 1580 807 bene
1604 772 1811 817 morigerus

282 838 313 862 1⁷.
341 830 408 860 966
435 827 528 861 idem
554 827 665 861 Anal.
693 826 746 860 II
771 827 836 871 (ed.
865 838 898 861 a.
927 827 1040 870 1882)
1062 838 1101 870 p.
1129 830 1214 870 9341.
1242 830 1275 860 et
1300 836 1401 870 quem
1427 826 1546 869 adfert
1566 826 1813 870 IVoelfflinius

281 880 381 915 ‘Lat
409 891 445 914 u.
472 890 558 915 rom.
583 878 766 924 Compar.’
790 892 829 925 p.
846 883 914 914 14.-
945 880 1011 914 ubi
1035 879 1089 914 fui
1115 891 1194 914 eum
1221 879 1326 915 Leid.
1352 879 1508 914 scribens
1533 883 1647 914 totum
1671 891 1703 915 v.
1730 879 1811 915 Sta-

280 934 397 979 lagymo
430 934 529 968 dedit
562 933 730 968 Botla'us.
776 932 929 975 Quiduis
961 932 1027 968 fiai
1051 933 1212 968 Bossclza
1242 944 1285 967 eoe
1311 932 1414 967 Leid.
1442 932 1496 976 (fit
1522 943 1594 978 pro
1619 932 1693 967 fuih
1716 933 1811 978 alii).

282 985 377 1027 Quid
404 987 461 1019 uis
487 985 577 1022 fiat?
603 986 814 1031 Geppertus.

378 1043 457 1074 968.
484 1050 542 1074 res
567 1040 652 1073 tuas
679 1040 776 1083 (tuas
797 1050 853 1074 res
873 1040 1046 1085 Pylades)
1071 1039 1203 1074 feceris
1218 1040 1434 1075 Saraeenus.
1473 1042 1578 1075 tuam
1603 1050 1679 1074 rem
1699 1039 1812 1075 facies

279 1105 323 1128 ex
348 1092 449 1127 mala
473 1093 527 1127 vel
552 1093 627 1127 tuis
654 1104 672 1127 0
698 1093 808 1127 rebus
834 1092 967 1128 feceris
993 1093 1150 1128 Botlzius
1174 1094 1240 1128 hoe
1265 1095 1339 1129 loco
1366 1094 1426 1137 (es.
1454 1095 1503 1128 ad
1526 1105 1558 1129 v.
1584 1094 1683 1138 959).
1728 1094 1812 1128 tuas

278 1157 334 1180 res
361 1146 475 1180 facies
508 1157 551 1180 ex
578 1145 687 1180 malis
714 1146 997 1192 Kampmannus
1022 1147 1043 1181 l.
1070 1158 1097 1182 s.
1123 1158 1150 1181 s.
1171 1158 1210 1192 p.
1238 1150 1286 1182 18
1318 1148 1404 1182 adn.
1438 1148 1563 1182 melius
1592 1157 1680 1182 sane
1705 1158 1812 1192 quam,

285 1200 526 1245 interpolator
550 1211 623 1234 rem
649 1211 768 1244 ayens.
796 1222 839 1225 -
867 1203 932 1235 tua
956 1200 1019 1234 uel
1044 1201 1156 1245 paulo
1181 1199 1312 1234 feceris
1340 1200 1503 1235 Guietus.

378 1257 457 1287 972.
487 1252 535 1286 Ei
560 1253 647 1297 quia
666 1253 746 1298 fugi
767 1253 930 1288 Guietus.
959 1252 1056 1294 Quin
1082 1255 1120 1287 et,
1144 1252 1226 1298 fugi
1245 1254 1442 1289 Bentleius.
1471 1253 1566 1295 Quia
1587 1265 1655 1299 ego
1676 1255 1714 1288 et
1731 1253 1812 1299 fugi

282 1307 522 1341 Hermannus
548 1306 686 1340 Annal.
714 1307 805 1351 plzil.
833 1311 855 1342 t.
884 1306 1043 1342 XXXV
1058 1318 1096 1351 p.
1124 1310 1206 1341 191.
1259 1306 1353 1348 Quia
1386 1308 1454 1350 (vel
1485 1306 1579 1349 Quia
1610 1307 1695 1352 ego)
1731 1306 1812 1352 fugi

280 1360 440 1394 Briseius
467 1360 560 1394 olim.
610 1359 792 1400 Quoniam
819 1362 856 1394 eb
886 1359 966 1405 fugi
993 1360 1203 1405 Geppertus.
1251 1359 1345 1401 Quia
1376 1362 1414 1394 eb
1446 1361 1573 1406 aufugi
1599 1360 1812 1406 Spenqelius

282 1413 416 1448 Pliilol.
444 1416 467 1447 t.
495 1413 617 1447 XXX
624 1413 710 1447 VII
730 1425 770 1457 p.
796 1416 884 1449 449.—
919 1417 957 1448 at
987 1424 1062 1448 non
1093 1414 1170 1447 sine
1196 1414 1278 1448 lusu
1308 1417 1417 1458 poeta
1465 1413 1590 1448 Pauca
1626 1414 1808 1459 ecfugiam

285 1496 292 1503 .
309 1496 315 1502 .
333 1465 438 1510 ‚quia
459 1465 580 1510 eofugi
601 1467 746 1501 videtur
766 1467 912 1501 dedisse.
936 1466 975 1501 V.
992 1470 1059 1501 973
1086 1466 1302 1511 Polyplusio
1323 1467 1620 1502 Theodoromedi
1638 1467 1677 1501 in
1701 1467 1810 1502 Alide

279 1521 545 1556 Fleckeisenus
584 1519 623 1554 V.
652 1524 719 1554 976
756 1521 794 1554 eb
824 1521 909 1555 med
934 1519 1120 1562 Botlzius³‚
1153 1520 1407 1555 Fleckeisenus
1439 1522 1705 1556 commendante
1729 1521 1811 1557 Rit-

277 1575 406 1608 seleelio
444 1574 537 1609 Nov.
570 1573 665 1608 Eme.
701 1574 759 1608 Pl.
793 1575 821 1607 Ι
845 1586 883 1619 p.
911 1577 967 1609 41.
995 1576 1051 1609 47.
1091 1574 1220 1618 Opuse.
1247 1573 1327 1607 III
1342 1586 1380 1618 p.
1410 1577 1501 1610 122:
1542 1578 1581 1610 at
1610 1575 1654 1617 ef.
1682 1574 1810 1610 Stude-

279 1629 436 1662 muudus
461 1628 599 1662 Annal.
621 1628 713 1672 phil.
741 1627 892 1662 XCIII
907 1640 945 1673 p.
975 1630 1021 1662 59
1034 1638 1082 1671 sq.
1113 1627 1381 1671 Mueller-usque
1410 1628 1514 1663 Pros.
1535 1639 1574 1672 p.
1602 1630 1685 1663 548.

374 1684 453 1715 977.
491 1682 597 1715 tuum
634 1680 822 1724 ingenium
858 1682 920 1715 ted
959 1682 1111 1715 obsecro
1147 1679 1310 1715 Guietus.
1357 1680 1411 1724 Cf.
1438 1680 1626 1716 Bentleius
1652 1681 1700 1716 ad
1728 1681 1808 1716 Ter.

278 1735 396 1769 Andr.
426 1735 453 1768 I
477 1736 516 1776 5,
543 1736 599 1768 54.
627 1735 730 1767 tuom
757 1735 794 1768 te
828 1733 978 1779 genium
1012 1734 1177 1769 obtestor
1209 1733 1421 1778 Geppertus.
1455 1735 1492 1769 te
1523 1736 1627 1769 tuom
1659 1735 1810 1778 genium

279 1788 429 1823 obsecro
459 1788 661 1821 flIuellerus
689 1787 792 1821 Pros.
815 1799 854 1832 p.
882 1790 954 1822 549
979 1788 1185 1831 obloquente
1211 1786 1386 1832 Seyfferto
1411 1787 1671 1832 Kaempfiioque
1690 1788 1712 1823 l.
1732 1798 1759 1822 s.
1779 1799 1807 1823 s,

276 1853 314 1886 p.
342 1843 402 1876 21.
448 1841 643 1875 exobsecro
676 1841 784 1875 etiam
817 1841 902 1875 Mil.
929 1851 960 1875 v.
989 1843 1034 1875 69
1062 1841 1147 1875 libri
1168 1843 1314 1885 praeter
1340 1840 1376 1874 A
1402 1841 1654 1876 obscurarunt.
1685 1841 1809 1877 Possis

282 1895 388 1929 etiam
415 1905 478 1929 oro
505 1894 668 1929 obsecro.

376 1951 455 1983 985.
481 1959 561 1982 mos
588 1946 761 1982 obliuisci
781 1949 838 1982 est
862 1948 1029 1983 Botliius.
1057 1948 1132 1983 iam
1152 1959 1232 1983 mos
1253 1948 1310 1982 est
1329 1946 1530 1992 obli(ui)sci
1557 1947 1811 1984 Fleckeisenus

279 2005 310 2035 et
336 2003 377 2036 in
402 2002 485 2036 edit.
513 2005 545 2036 et
576 2001 617 2036 in
648 2001 787 2036 Annal.
809 2002 902 2046 phil.
929 2005 952 2036 t.
976 2001 1033 2036 GI
1058 2002 1104 2045 (a.
1120 2002 1230 2045 1870)
1250 2012 1289 2045 p.
1306 2004 1371 2036 73.-
1397 2002 1442 2044 ef.
1468 2001 1649 2045 Berykius
1679 2001 1807 2046 Opuse.

277 2056 305 2089 I
320 2067 359 2099 p.
387 2058 435 2091 92
460 2056 545 2090 adn.
573 2055 629 2099 (de
653 2055 729 2089 iam
761 2067 840 2090 mos
868 2057 924 2090 est
948 2055 1070 2090 liuisci
1095 2055 1271 2099 coyitans)
1298 2054 1579 2099 ›S'pengyeliusque
1607 2055 1648 2090 T.
1677 2056 1732 2089 M.
1762 2055 1806 2089 P.

272 2120 311 2153 p.
338 2113 396 2143 95.

373 2165 451 2197 988.
491 2161 663 2197 mihimet
708 2162 965 2198 Fleckeisenus
1010 2163 1117 2207 (idem
1151 2173 1182 2196 v.
1219 2165 1288 2196 978
1324 2161 1599 2206 quadrimulum
1634 2160 1724 2196 tibi.-
1761 2161 1806 2204 of.

278 2216 460 2250 Luelesius
485 2216 525 2250 in
552 2216 713 2251 Studem.
741 2216 846 2251 Stud.
873 2216 900 2250 I
915 2227 954 2261 p.
970 2218 1045 2260 32).
1085 2216 1280 2250 Aeidalius
1306 2215 1391 2250 Div.
1413 2226 1453 2260 p.
1482 2217 1553 2249 100
1580 2217 1644 2248 aut
1668 2225 1808 2249 versum

279 2270 504 2304 intercidisse
530 2273 594 2304 aut
616 2270 675 2305 ST.
715 2270 749 2304 Is
775 2271 816 2304 in
840 2271 911 2313 sine
935 2270 1045 2304 liuius
1070 2281 1101 2303 r.
1124 2270 1329 2304 addendum
1355 2279 1425 2303 esse
1450 2268 1682 2313 opinabatur.
1711 2266 1807 2303 Oete-

214 2332 219 2335 *
277 2333 358 2357 rum
384 2321 470 2356 Isbic
496 2322 604 2356 huius
630 2323 777 2357 dederat
802 2323 1024 2358 Brunelcius.

373 2379 451 2410 991.
478 2374 538 2410 hic
565 2375 713 2419 quidem
742 2376 943 2421 Geppertus
969 2378 1017 2412 ad
1046 2376 1149 2412 Trin.
1172 2387 1210 2421 p.
1227 2378 1318 2411 170:
1345 2379 1382 2410 at
1408 2375 1455 2418 cf.
1469 2374 1580 2410 Poen.
1602 2377 1672 2410 664
1697 2375 1745 2410 al.
1761 2395 1804 2400 —

276 2429 497 2473 argumenta
522 2427 583 2463 hie
602 2429 769 2464 Bothius.

373 2485 451 2517 994.
492 2482 580 2517 Post
603 2483 699 2516 hune
725 2493 863 2518 versum
884 2484 971 2528 plus
996 2495 1104 2528 quam
1133 2484 1253 2518 ieiune
1273 2482 1474 2527 Geppertus
1495 2482 1685 2526 supplebat
1709 2483 1806 2516 velut

280 2535 504 2571 Fortunatus
530 2534 705 2579 quoniam
731 2536 857 2570 inueni
883 2548 990 2581 quem
1019 2548 1088 2581 ego
1107 2546 1260 2581 puerum
1281 2534 1429 2580 perdidi
1455 2535 1807 2579 (similiterBrioeius

286 2589 558 2633 Vssinyiusque)
586 2600 697 2633 neque
722 2592 813 2623 reete
839 2594 1071 2634 comparatur
1100 2589 1202 2624 Trin.
1228 2600 1258 2624 v.
1288 2592 1382 2624 1169
1396 2599 1459 2633 sq„
1485 2599 1565 2623 eum
1595 2588 1654 2623 hie
1678 2593 1806 2634 aperta

278 2643 448 2686 fortunae
472 2642 693 2686 sz'ynifteatio
714 2643 918 2686 praecedat.

374 2699 452 2730 995.
479 2693 584 2728 Eheu
611 2707 680 2739 qur
707 2694 938 2730 Camerarius
964 2698 1016 2736 (at
1041 2698 1084 2737 ef.
1113 2696 1335 2730 Luebbertus
1355 2696 1376 2729 l.
1397 2705 1422 2729 s.
1444 2705 1470 2729 s.
1493 2706 1531 2739 p.
1562 2697 1631 2729 104
1644 2696 1719 2739 sq.).
1747 2694 1804 2729 De

279 2748 361 2792 plus
387 2749 580 2792 minusque
606 2752 774 2793 corrupto
800 2749 845 2791 ef.
875 2749 1070 2783 Preussius
1095 2749 1137 2783 de
1163 2749 1365 2782 bimembris
1390 2748 1511 2782 dissol.
1531 2759 1590 2791 ap.
1609 2758 1676 2782 ser.
1699 2748 1801 2782 Rom.

277 2813 347 2836 usu
381 2803 543 2837 sollemni
581 2802 647 2845 (ed.
680 2802 821 2837 Edenlc.
849 2814 880 2836 a.
911 2803 1023 2846 1881)
1051 2814 1089 2846 p.
1116 2804 1172 2836 47.
1213 2822 1255 2825 —
1294 2800 1366 2835 feci
1397 2800 1454 2834 illi
1489 2811 1599 2845 quam
1633 2800 1802 2845 Pylades.

279 2854 349 2889 feei
383 2854 542 2899 quamde
571 2855 787 2890 Gulielmius
814 2854 880 2900 Qu.
912 2855 953 2889 in
975 2854 1076 2899 Caph.
1098 2865 1137 2898 p.
1160 2853 1347 2888 3581001
1372 2864 1574 2898 praequam
1603 2852 1804 2898 Geppcrtus

279 2908 350 2943 feci
377 2919 486 2951 quam
515 2919 608 2951 quae
635 2907 848 2952 Spengelius
876 2908 915 2942 T.
947 2908 1002 2942 M.
1033 2908 1075 2941 1’.
1098 2918 1136 2951 p.
1164 2908 1304 2951 22631.

377 2964 476 2996 1000.
498 2960 614 3005 Quam
631 2960 694 2996 ubi
709 2960 974 2996 1¹⁷uhrmannus
987 2961 1085 2996 Ann.
1097 2961 1186 3005 phil.
1203 2963 1226 2994 t.
1245 2958 1410 2994 XCVII
1423 2961 1470 3003 (a.
1485 2960 1596 3003 1868)
1606 2970 1646 3004 1,).
1659 2961 1746 2995 842.
1757 2979 1800 2985 —-
