1946 3344
151 227 337 259 164-184
790 227 1038 263 APPENDIX
1595 232 1678 273 153

149 335 339 367 notaverat
359 334 409 374 R,
434 343 508 367 non
527 334 679 369 meliora
699 334 924 379 chpertus).
975 335 1051 380 Aqi
1075 337 1118 371 dc
1145 336 1416 373 ‘coniectorum'
1446 339 1593 383 colleqio
1623 349 1679 373 co>

148 396 262 420 nexus
288 389 464 420 monstrat
491 387 546 431 (de
572 387 787 432 conregium
812 389 1018 424 hariolatus
1043 393 1093 424 est
1107 390 1314 426 Palmerins
1331 391 1457 435 Spicil.
1475 403 1514 435 p.
1527 394 1612 435 251,
1638 393 1680 427 de

147 439 295 483 colleqio
317 439 547 484 ‘parasitico’
572 440 777 486 Gruterus),
802 443 878 477 nisi
896 443 971 484 suit
990 443 1087 478 velut
1110 443 1204 489 (PE.
1223 444 1574 492 Odoraturmeum>
1594 445 1676 480 Cito

147 496 205 527 res
219 503 363 535 nasum,
377 493 534 538 <uatum
549 494 657 538 quasi
671 495 729 541 si>
744 507 774 530 c.
790 507 817 529 s.
833 507 861 530 c.
878 516 923 521 —
943 496 983 531 V.
1008 500 1074 531 166
1089 496 1179 541 quid
1195 497 1294 532 olere
1309 496 1496 532 abstines?
1511 498 1675 542 Lipsius.

270 549 347 580 167.
375 557 434 580 me
462 546 640 582 olfactare
661 549 810 593 oportet
831 548 1078 593 Camerarius,
1102 550 1261 584 Bria-ius
1284 550 1426 595 Quaest.
1444 563 1481 595 p.
1503 554 1562 586 36.
1596 551 1675 585 uol-

150 598 291 634 factare
318 601 467 643 oportet
492 600 657 636 Kochius
683 601 766 635 Em.
796 601 856 637 Pl.
878 614 919 647 p.
947 602 996 637 X.
1050 602 1229 638 olfactare
1257 614 1366 638 omne
1392 605 1542 648 oportet
1566 604 1619 640 g.

270 655 348 687 168.
377 653 434 687 De
453 656 648 698 spurcatur
668 666 712 689 ne
731 655 873 690 dubites
899 656 988 690 duce
1007 656 1042 690 A
1063 657 1107 698 cf.
1123 656 1312 690 Lucilium
1339 657 1544 691 XXVIII
1558 660 1606 691 60
1623 658 1678 692 M.

150 716 325 750 spurcare
353 706 509 743 Colvius.
536 728 580 732 —
607 707 774 742 inlucido
801 709 870 751 def.
905 708 1109 753 Scioppius.
1159 708 1358 744 illaetabili
1385 710 1539 754 Lipsius
1564 711 1679 745 Elect.

147 759 175 793 I
193 762 252 794 21.
304 759 479 795 insubido
512 760 652 796 Parcus
685 762 730 805 (et
756 761 933 806 madore).
984 762 1131 796 mueido
1160 762 1323 797 Golvius:
1355 763 1499 807 optimc,
1533 765 1608 798 nisi
1638 765 1680 799 in

148 813 228 847 inlu
253 813 342 848 libri
366 815 609 849 consentirent
634 826 713 850 cum
741 816 876 851 Nonio.

268 870 346 901 169.
374 865 433 902 dic
458 867 560 902 facta,
587 868 723 912 ‘prisca
750 868 867 902 lectio’
900 868 993 903 Pius
1020 870 1178 913 idemque
1204 869 1295 904 haec
1331 871 1416 914 (pro
1442 870 1545 913 hinc)
1573 871 1681 906 ‘alibi

147 920 339 955 codicum’.
367 940 411 945 ——
439 920 572 966 lepide.
607 921 649 955 ut
679 921 948 956 distinctionem
980 933 1022 955 ex
1056 922 1143 955 Mu.
1176 934 1206 957 v.
1237 925 1309 957 763
1342 923 1412 966 def.
1447 923 1629 959 Valilenus
1655 925 1677 959 l.

150 985 179 1008 s.
205 984 230 1008 s.
254 985 293 1018 p.
321 976 395 1008 607
420 985 490 1019 sq.:
515 975 648 1009 rectius
672 975 765 1009 idem
792 975 900 1008 decet
924 974 1007 1017 defi,
1033 975 1098 1009 ubi
1123 973 1213 1009 licet
1234 974 1272 1008 Ἐ
1297 987 1377 1010 cum
1402 975 1575 1012 Acidalio
1602 978 1680 1021 (qui

148 1027 256 1061 etiam
283 1026 375 1062 cedo
396 1028 656 1072 proponebat),
688 1028 765 1062 olet
797 1028 996 1073 Seyffertus
1021 1029 1153 1063 Pliilol.
1186 1028 1362 1062 XXVII
1380 1041 1416 1073 p.
1443 1032 1524 1065 452.
1579 1030 1679 1075 Quae

147 1081 308 1124 escempla
328 1081 454 1115 attulit
473 1080 654 1116 Vahlenus
671 1081 780 1116 Poen.
796 1084 882 1125 561,
899 1081 983 1116 Mil.
1005 1084 1075 1117 315
1088 1094 1137 1126 sq.
1166 1086 1240 1116 tam
1267 1082 1373 1116 decet
1397 1084 1546 1125 firmant
1571 1095 1679 1128 quam

148 1134 414 1168 distinctionem
462 1134 728 1169 Valilenianam
765 1135 972 1179 reprobant.
1034 1135 1158 1180 Neque
1198 1136 1316 1180 ipsum
1353 1136 1546 1178 fastidium
1583 1138 1678 1172 decet

145 1187 355 1230 parasitum
379 1188 542 1231 prodere,
567 1188 628 1222 sed
653 1188 812 1232 lepidum
839 1191 993 1223 tantum.
1045 1188 1218 1223 Fortasse
1251 1192 1369 1223 tamen
1396 1190 1436 1222 ut
1462 1200 1535 1223 non
1560 1193 1679 1224 trans-

141 1241 377 1285 ponendum,
414 1241 476 1276 sed
501 1242 690 1276 delendum
724 1244 766 1276 ut
790 1242 1017 1287 adscriptum
1042 1242 1128 1277 olim
1149 1242 1197 1276 acl
1222 1241 1451 1284 efficiendum
1478 1242 1600 1286 lepide
1626 1243 1679 1276 fa-

148 1293 268 1337 stidis,
295 1295 338 1328 ut
364 1294 482 1329 decet.

268 1350 333 1382 171
349 1359 399 1392 sq.
432 1347 519 1383 Non
551 1353 643 1383 recte
675 1349 829 1383 alterum
859 1352 1003 1383 tantum
1034 1359 1209 1383 novorum
1249 1359 1414 1383 versuum
1446 1348 1679 1385 Dslenaeclimo

146 1401 277 1436 tribuit
303 1401 360 1444 CR,
384 1402 602 1445 pravissime
634 1402 819 1437 Valilenus
849 1412 930 1437 cum
956 1402 1041 1437 aliis
1066 1406 1258 1445 utrumque
1287 1402 1462 1436 Peniculo
1488 1404 1679 1437 continua—

146 1454 217 1488 vit:
243 1465 329 1488 nam
355 1458 478 1499 aperte
502 1456 617 1490 trium
641 1456 830 1490 verborum
854 1456 1071 1490 vaticinium
1101 1458 1132 1489 ct
1159 1455 1344 1489 collaudat
1370 1458 1402 1489 et
1424 1456 1596 1498 pluribus
1621 1468 1679 1491 esc-

145 1508 309 1551 scquitur
337 1509 613 1544 Menaechmus:
638 1513 680 1544 ut
704 1509 820 1553 iqitur
840 1520 872 1543 v.
898 1511 966 1543 173
980 1520 1030 1553 sq.
1057 1510 1230 1551 scortum,
1258 1507 1452 1553 prandium
1478 1509 1679 1553 illustrant,

147 1561 202 1595 ita
222 1561 355 1605 priora
387 1562 437 1596 ad
467 1561 608 1596 furtum
636 1563 857 1607 pertinuisse
890 1563 1005 1606 ipsum
1038 1562 1237 1596 subiectum
1272 1573 1303 1596 v.
1333 1564 1402 1596 173
1429 1562 1595 1605 deficiens
1620 1563 1677 1597 dc-

147 1617 342 1649 monstrat:
374 1615 470 1650 unde
503 1616 613 1650 simul
639 1616 913 1660 Sonnenburyii
944 1616 986 1650 cle
1017 1616 1072 1650 liis
1098 1616 1260 1650 versibus
1285 1616 1530 1650 dubitationes
1556 1617 1679 1660 aptius

146 1668 360 1711 refutantur
385 1680 494 1713 quam
519 1669 691 1714 Lanyeni
715 1670 831 1704 verbis
851 1680 890 1712 p.
918 1672 1005 1704 295.

269 1725 335 1757 175
350 1733 422 1767 sqq.
452 1722 541 1757 Post
573 1723 778 1767 poterimus
811 1722 1038 1757 Menaechmi
1068 1722 1176 1757 verba
1206 1723 1427 1766 interrumpi
1462 1735 1485 1757 a
1505 1724 1674 1767 parasito

149 1776 320 1811 Locwius
343 1776 492 1811 volebat.
544 1775 694 1811 Rectius
714 1777 874 1821 potandi
892 1780 992 1821 qestu
1018 1772 1219 1810 orationem
1237 1776 1406 1819 compleri
1431 1776 1605 1811 dicemus:
1630 1778 1676 1819 cf.

147 1830 198 1864 ad
230 1841 262 1865 v.
289 1832 374 1864 858.
425 1829 550 1873 Neque
581 1816 820 1864 haerendum&
831 1829 899 1863 erit
929 1830 971 1863 in
1001 1830 1069 1863 lzac
1099 1829 1255 1863 diiambi
1291 1829 1419 1871 forma.
1480 1829 1551 1863 Via:
1588 1834 1679 1865 recte

149 1882 231 1927 poti
257 1883 394 1917 erimus
421 1883 620 1918 correoeeris
645 1883 722 1917 coll.
745 1882 861 1916 Gellio
876 1883 931 1915 II
942 1885 1004 1917 25.
1057 1881 1181 1926 Neque
1206 1880 1411 1924 poterimus
1436 1893 1547 1925 neque
1568 1883 1678 1926 prius

149 1935 203 1969 Eu
229 1936 393 1981 deteqens
412 1937 564 1970 alterum
579 1939 663 1980 post
679 1946 712 1970 v.
727 1939 792 1970 175
818 1946 974 1971 seorsum
993 1936 1140 1979 scripsit
1161 1936 1211 1974 R,
1236 1935 1302 1969 ubi
1327 1929 1383 1969 Εῧι
1409 1934 1581 1978 «Expedite
1609 1936 1678 1970 alii

147 1989 384 2024 admiserunt.
407 2010 442 2014 —
464 1988 654 2024 fabulatus
680 1999 746 2024 om.
774 2000 811 2023 es
835 1988 985 2024 Olsenus
998 2000 1037 2033 p.
1063 1991 1121 2023 30.
1174 1987 1335 2022 Ceterum
1361 1987 1454 2022 ferio
1480 1988 1582 2032 foris,
1608 1988 1677 2022 feri

143 2045 227 2086 post
247 2042 449 2077 Luclisium
475 2041 632 2078 Studcm.
666 2042 772 2077 Stud.
802 2043 828 2075 I
846 2053 884 2086 p.
913 2044 959 2076 54
991 2042 1151 2085 aliosque
1181 2041 1290 2082 (adde
1322 2041 1499 2075 Baicrum
1527 2053 1566 2084 p.
1596 2044 1677 2076 163.

149 2098 237 2139 170)
264 2097 445 2139 praetulit
478 2095 684 2130 Vahlenus!
722 2116 764 2120 —
805 2095 883 2130 Vae
916 2105 986 2139 pro
1024 2094 1093 2128 Vel
1127 2094 1352 2129 Gronovius:
1390 2095 1434 2137 cf.
1477 2095 1678 2129 Muellerus

149 2149 287 2184 Annal.
309 2150 401 2194 phil.
423 2149 666 2183 LXXXIII
683 2160 723 2193 p.
750 2151 836 2192 266,
867 2149 1066 2193 Lanqenus
1093 2148 1241 2182 ‘Reium’
1268 2159 1304 2191 p.
1333 2151 1392 2182 69.
1422 2167 1463 2172 —-
1490 2146 1680 2192 Millcpas-

149 2212 229 2235 sum
257 2200 383 2247 (ὑφέν)
412 2201 644 2238 Camerarius
683 2206 714 2237 ct
748 2202 938 2237 Turnebus
971 2202 1122 2236 Advers.
1158 2200 1316 2235 XVIII
1345 2203 1400 2235 14.
1436 2221 1479 2225 —
1519 2211 1679 2235 commo-

148 2256 249 2290 ratus
285 2266 352 2291 om.
390 2266 428 2291 es
463 2256 614 2291 Olsenus
633 2267 672 2301 p.
707 2260 764 2291 30.
793 2275 837 2280 —
864 2255 925 2290 Ad
949 2255 1236 2299 supplementum
1267 2256 1431 2288 nostrum
1466 2254 1511 2297 cf.
1543 2254 1677 2290 Bacch.

149 2312 227 2344 200
248 2320 313 2354 sq„
341 2308 443 2354 Oapt.
471 2312 538 2352 89,
563 2310 611 2345 al.

272 2365 349 2398 180.
377 2361 532 2398 obsecro
557 2365 594 2397 te
620 2362 744 2398 hercle
771 2362 986 2396 Lambinus.
1019 2381 1063 2386 —
1096 2360 1142 2395 ab
1175 2371 1213 2395 se
1246 2361 1306 2405 (cf.
1335 2360 1372 2395 'R
1398 2360 1492 2395 Nov.
1519 2371 1591 2396 eoec.
1620 2361 1677 2395 Pl.

149 2415 177 2449 I
193 2427 231 2460 p.
260 2418 307 2450 52
332 2416 434 2461 adn.)
460 2416 608 2459 defendi
636 2426 742 2460 posse
779 2416 895 2450 visum
922 2414 1137 2449 Hermanno
1170 2414 1210 2448 in
1236 2413 1351 2448 Iahni
1389 2414 1527 2448 Annal.
1549 2414 1678 2457 philol.

151 2479 230 2504 nov.
258 2469 426 2503 XXXV
442 2481 481 2514 p.
510 2472 580 2504 195
603 2473 685 2513 post
705 2468 908 2503 Mcursium
929 2468 1190 2512 Handiumquc
1216 2466 1368 2501 Tursell.
1386 2467 1413 2500 I
1426 2478 1464 2510 p.
1482 2470 1542 2502 ..¹342
1588 2477 1676 2510 apse

149 2521 368 2555 Itibbeckius
387 2522 513 2565 traqic.
534 2520 685 2566 fragym.2
708 2533 744 2565 p.
762 2521 885 2555 XXX
894 2520 1006 2554 VIII
1015 2532 1066 2565 sq.
1098 2541 1137 2544 -
1166 2519 1270 2554 uides
1296 2521 1445 2554 sublata
1470 2521 1678 2563 interpunc-

149 2576 246 2610 tione
271 2575 423 2608 retinuit
451 2574 506 2608 R:
540 2578 579 2609 at
603 2575 650 2617 cf.
676 2575 857 2609 Beckerus
891 2574 933 2608 in
958 2574 1116 2608 Student.
1145 2573 1250 2608 Saul.
1280 2572 1306 2605 I
1322 2584 1362 2617 p.
1388 2575 1486 2615 293,
1517 2573 1677 2607 Baierus

151 2629 173 2663 l.
198 2638 226 2662 s.
253 2638 279 2662 s.
304 2638 341 2671 p.
369 2629 427 2669 53,
453 2627 531 2662 alii.
589 2627 630 2662 V.
659 2630 724 2662 181
755 2629 972 2662 occaecatur
1004 2626 1206 2672 Vssinyius,
1232 2626 1295 2660 vise
1319 2629 1427 2659 recte:
1453 2625 1498 2667 cf.
1530 2625 1676 2659 Trucul.

149 2691 182 2716 v.
209 2682 282 2715 353
294 2691 363 2724 sq:
390 2681 608 2715 occaecatus
633 2691 698 2716 om.
726 2684 783 2715 est
808 2680 876 2723 def.
908 2680 1059 2715 Olsenus
1080 2691 1117 2723 p.
1145 2682 1204 2714 83.

273 2736 338 2768 182
353 2743 425 2778 sqq.
455 2732 543 2767 Post
573 2745 604 2769 v.
632 2736 705 2768 132
735 2734 909 2768 ececidissc
944 2733 1114 2767 Peniculi
1145 2742 1353 2776 responsum
1391 2731 1613 2774 opinabatur
1639 2730 1678 2764 'R

151 2797 291 2822 versum
315 2787 516 2829 sequentem
540 2786 643 2830 (184)
666 2786 744 2821 ‘nec
763 2796 869 2830 posse
894 2785 1020 2822 Erotii
1045 2796 1117 2821 esse
1141 2795 1281 2819 versum
1307 2787 1381 2818 182
1409 2783 1674 2818 continuantis'

155 2839 212 2885 [ut
232 2841 432 2884 praeeunte
457 2838 641 2874 Saraceno
665 2840 828 2874 voluerat
854 2839 1049 2874 Acidalius
1080 2838 1182 2872 Idem
1215 2838 1310 2871 istuc
1342 2840 1488 2871 mutans
1518 2837 1559 2870 in
1586 2836 1678 2871 Item

151 2892 209 2938 ut]
235 2896 400 2927 statuens
434 2891 513 2926 ‘nec
543 2892 619 2927 ullo
651 2893 752 2927 modo
779 2892 966 2935 Peniculi,
997 2893 1057 2927 sed
1084 2892 1210 2926 Erotii
1243 2902 1312 2925 sua
1344 2890 1517 2933 superbia
1543 2890 1677 2924 laesum

156 2957 303 2991 eamque
323 2948 551 2990 conquestum
569 2946 777 2989 parasitum
793 2946 982 2990 placantis
1001 2950 1031 2979 et
1051 2944 1308 2979 consolantis’:
1335 2944 1442 2988 idque
1467 2944 1679 2987 confirmare
