<?xml version="1.0" encoding="UTF-8"?>
<!DOCTYPE html PUBLIC "-//W3C//DTD XHTML 1.0 Transitional//EN"
    "http://www.w3.org/TR/xhtml1/DTD/xhtml1-transitional.dtd">
<html xmlns="http://www.w3.org/1999/xhtml" xml:lang="en" lang="en">
 <head>
  <title>
</title>
<meta http-equiv="Content-Type" content="text/html;charset=utf-8" />
  <meta name='ocr-system' content='tesseract 3.04.00' />
  <meta name='ocr-capabilities' content='ocr_page ocr_carea ocr_par ocr_line ocrx_word'/>
</head>
<body>
  <div class='ocr_page' id='page_1' title='image "./comoediaerecensv03plauuoft_0183.png"; bbox 0 0 1946 3344; ppageno 0'>
   <div class='ocr_carea' id='block_1_1' title="bbox 770 186 1672 222">
    <p class='ocr_par' dir='ltr' id='par_1_1' title="bbox 770 186 1672 222">
     <span class='ocr_line' id='line_1_1' title="bbox 770 186 1672 222; baseline 0.001 -1"><span class='ocrx_word' id='word_1_1' title='bbox 770 186 1045 222; x_wconf 85' lang='lat' dir='ltr'><strong>PRAEFATIO</strong></span> <span class='ocrx_word' id='word_1_2' title='bbox 1569 187 1672 222; x_wconf 90' lang='lat' dir='ltr'><strong>XVII</strong></span> 
     </span>
    </p>
   </div>
   <div class='ocr_carea' id='block_1_2' title="bbox 137 295 1671 1563">
    <p class='ocr_par' dir='ltr' id='par_1_2' title="bbox 137 295 1671 1563">
     <span class='ocr_line' id='line_1_2' title="bbox 140 295 1670 352; baseline 0 -14"><span class='ocrx_word' id='word_1_3' title='bbox 140 299 312 352; x_wconf 91' lang='lat' dir='ltr'>praeter</span> <span class='ocrx_word' id='word_1_4' title='bbox 351 295 701 338; x_wconf 81' lang='lat' dir='ltr'>Anaxandridem</span> <span class='ocrx_word' id='word_1_5' title='bbox 747 296 1080 338; x_wconf 90' lang='lat' dir='ltr'>contaminando</span> <span class='ocrx_word' id='word_1_6' title='bbox 1118 295 1414 351; x_wconf 89' lang='lat' dir='ltr'>Antiphanem</span> <span class='ocrx_word' id='word_1_7' title='bbox 1459 296 1670 338; x_wconf 89' lang='lat' dir='ltr'>adscitum</span> 
     </span>
     <span class='ocr_line' id='line_1_3' title="bbox 142 368 1670 424; baseline -0.001 -12"><span class='ocrx_word' id='word_1_8' title='bbox 142 384 235 412; x_wconf 87' lang='lat' dir='ltr'>esse</span> <span class='ocrx_word' id='word_1_9' title='bbox 267 368 412 424; x_wconf 90' lang='lat' dir='ltr'>posuit</span> <span class='ocrx_word' id='word_1_10' title='bbox 451 369 505 410; x_wconf 92' lang='lat' dir='ltr'>ob</span> <span class='ocrx_word' id='word_1_11' title='bbox 543 368 835 423; x_wconf 76' lang='lat' dir='ltr'><strong>fragmentum</strong></span> <span class='ocrx_word' id='word_1_12' title='bbox 869 368 1084 423; x_wconf 83' lang='lat' dir='ltr'>quoddam</span> <span class='ocrx_word' id='word_1_13' title='bbox 1128 383 1223 410; x_wconf 91' lang='lat' dir='ltr'>cum</span> <span class='ocrx_word' id='word_1_14' title='bbox 1255 383 1379 410; x_wconf 82' lang='lat' dir='ltr'>versu</span> <span class='ocrx_word' id='word_1_15' title='bbox 1414 369 1467 409; x_wconf 85' lang='lat'>77</span> <span class='ocrx_word' id='word_1_16' title='bbox 1502 382 1670 422; x_wconf 90' lang='lat' dir='ltr'>compa-</span> 
     </span>
     <span class='ocr_line' id='line_1_4' title="bbox 139 438 1670 494; baseline -0.001 -11"><span class='ocrx_word' id='word_1_17' title='bbox 139 440 343 494; x_wconf 76' lang='lat' dir='ltr'>randum,</span> <span class='ocrx_word' id='word_1_18' title='bbox 382 440 455 494; x_wconf 88' lang='lat' dir='ltr'>qui</span> <span class='ocrx_word' id='word_1_19' title='bbox 492 454 577 481; x_wconf 92' lang='lat' dir='ltr'>non</span> <span class='ocrx_word' id='word_1_20' title='bbox 618 442 708 481; x_wconf 89' lang='lat' dir='ltr'>tam</span> <span class='ocrx_word' id='word_1_21' title='bbox 741 438 1019 494; x_wconf 74' lang='lat' dir='ltr'>Captivorum</span> <span class='ocrx_word' id='word_1_22' title='bbox 1053 442 1119 481; x_wconf 87' lang='lat' dir='ltr'>est</span> <span class='ocrx_word' id='word_1_23' title='bbox 1157 454 1284 494; x_wconf 91' lang='lat' dir='ltr'>quam</span> <span class='ocrx_word' id='word_1_24' title='bbox 1316 439 1473 481; x_wconf 84' lang='lat' dir='ltr'>Persae</span> <span class='ocrx_word' id='word_1_25' title='bbox 1514 439 1670 494; x_wconf 89' lang='lat' dir='ltr'>quique</span> 
     </span>
     <span class='ocr_line' id='line_1_5' title="bbox 141 510 1667 566; baseline -0.001 -13"><span class='ocrx_word' id='word_1_26' title='bbox 141 510 348 554; x_wconf 86' lang='lat' dir='ltr'>eiusmodi</span> <span class='ocrx_word' id='word_1_27' title='bbox 380 514 457 564; x_wconf 86' lang='lat' dir='ltr'>est,</span> <span class='ocrx_word' id='word_1_28' title='bbox 489 513 537 552; x_wconf 90' lang='lat' dir='ltr'>ut</span> <span class='ocrx_word' id='word_1_29' title='bbox 567 526 620 552; x_wconf 91' lang='lat' dir='ltr'>ne</span> <span class='ocrx_word' id='word_1_30' title='bbox 646 511 758 553; x_wconf 89' lang='lat' dir='ltr'>hanc</span> <span class='ocrx_word' id='word_1_31' title='bbox 786 511 958 566; x_wconf 89' lang='lat' dir='ltr'>quidem</span> <span class='ocrx_word' id='word_1_32' title='bbox 989 511 1180 553; x_wconf 85' lang='lat' dir='ltr'>fabulam</span> <span class='ocrx_word' id='word_1_33' title='bbox 1206 511 1365 552; x_wconf 91' lang='lat' dir='ltr'>nedum</span> <span class='ocrx_word' id='word_1_34' title='bbox 1389 510 1667 565; x_wconf 74' lang='lat' dir='ltr'>Captivorum</span> 
     </span>
     <span class='ocr_line' id='line_1_6' title="bbox 141 582 1670 638; baseline -0.001 -14"><span class='ocrx_word' id='word_1_35' title='bbox 141 583 399 637; x_wconf 74' lang='lat' dir='ltr'>particulam</span> <span class='ocrx_word' id='word_1_36' title='bbox 428 582 481 624; x_wconf 90' lang='lat' dir='ltr'>ad</span> <span class='ocrx_word' id='word_1_37' title='bbox 508 582 800 636; x_wconf 89' lang='lat' dir='ltr'>Antiphanem</span> <span class='ocrx_word' id='word_1_38' title='bbox 827 585 1010 625; x_wconf 85' lang='lat' dir='ltr'>revocet.</span> <span class='ocrx_word' id='word_1_39' title='bbox 1053 582 1204 638; x_wconf 87' lang='lat' dir='ltr'>Itaque</span> <span class='ocrx_word' id='word_1_40' title='bbox 1231 597 1284 623; x_wconf 89' lang='lat' dir='ltr'>ne</span> <span class='ocrx_word' id='word_1_41' title='bbox 1305 582 1552 624; x_wconf 82' lang='lat' dir='ltr'>dubitanter</span> <span class='ocrx_word' id='word_1_42' title='bbox 1579 582 1670 637; x_wconf 89' lang='lat' dir='ltr'>qui-</span> 
     </span>
     <span class='ocr_line' id='line_1_7' title="bbox 140 652 1670 708; baseline -0.001 -12"><span class='ocrx_word' id='word_1_43' title='bbox 140 655 236 696; x_wconf 91' lang='lat' dir='ltr'>dem</span> <span class='ocrx_word' id='word_1_44' title='bbox 255 654 361 696; x_wconf 90' lang='lat' dir='ltr'>haec</span> <span class='ocrx_word' id='word_1_45' title='bbox 380 654 554 695; x_wconf 90' lang='lat' dir='ltr'>nomina</span> <span class='ocrx_word' id='word_1_46' title='bbox 573 654 763 708; x_wconf 88' lang='lat' dir='ltr'>proferre</span> <span class='ocrx_word' id='word_1_47' title='bbox 781 653 928 695; x_wconf 84' lang='lat' dir='ltr'>debuit</span> <span class='ocrx_word' id='word_1_48' title='bbox 941 653 1114 695; x_wconf 82' lang='lat' dir='ltr'>Brixius</span> <span class='ocrx_word' id='word_1_49' title='bbox 1134 668 1271 708; x_wconf 89' lang='lat' dir='ltr'>neque</span> <span class='ocrx_word' id='word_1_50' title='bbox 1291 655 1404 696; x_wconf 89' lang='lat' dir='ltr'>recte</span> <span class='ocrx_word' id='word_1_51' title='bbox 1425 668 1521 695; x_wconf 90' lang='lat' dir='ltr'>cum</span> <span class='ocrx_word' id='word_1_52' title='bbox 1534 652 1670 695; x_wconf 90' lang='lat' dir='ltr'>Lade—</span> 
     </span>
     <span class='ocr_line' id='line_1_8' title="bbox 140 724 1670 780; baseline -0.001 -13"><span class='ocrx_word' id='word_1_53' title='bbox 140 726 268 780; x_wconf 84' lang='lat' dir='ltr'>wigio</span> <span class='ocrx_word' id='word_1_54' title='bbox 302 725 523 767; x_wconf 83' lang='lat' dir='ltr'>contendit</span> <span class='ocrx_word' id='word_1_55' title='bbox 560 740 647 767; x_wconf 91' lang='lat' dir='ltr'>non</span> <span class='ocrx_word' id='word_1_56' title='bbox 679 725 769 767; x_wconf 89' lang='lat' dir='ltr'>sine</span> <span class='ocrx_word' id='word_1_57' title='bbox 801 725 893 767; x_wconf 83' lang='lat' dir='ltr'>veri</span> <span class='ocrx_word' id='word_1_58' title='bbox 925 725 1204 767; x_wconf 85' lang='lat' dir='ltr'>similitudine</span> <span class='ocrx_word' id='word_1_59' title='bbox 1237 725 1455 780; x_wconf 84' lang='lat' dir='ltr'>exemplar</span> <span class='ocrx_word' id='word_1_60' title='bbox 1491 724 1670 766; x_wconf 88' lang='lat' dir='ltr'>attribui</span> 
     </span>
     <span class='ocr_line' id='line_1_9' title="bbox 140 795 1669 851; baseline -0.001 -13"><span class='ocrx_word' id='word_1_61' title='bbox 140 797 304 839; x_wconf 89' lang='lat' dir='ltr'>mediae</span> <span class='ocrx_word' id='word_1_62' title='bbox 343 811 470 851; x_wconf 87' lang='lat' dir='ltr'>quam</span> <span class='ocrx_word' id='word_1_63' title='bbox 510 811 715 838; x_wconf 86' lang='lat' dir='ltr'>vocamus</span> <span class='ocrx_word' id='word_1_64' title='bbox 753 796 1011 838; x_wconf 88' lang='lat' dir='ltr'>comoediae.</span> <span class='ocrx_word' id='word_1_65' title='bbox 1072 795 1188 838; x_wconf 88' lang='lat' dir='ltr'>Nam</span> <span class='ocrx_word' id='word_1_66' title='bbox 1227 798 1442 851; x_wconf 89' lang='lat' dir='ltr'>quotquot</span> <span class='ocrx_word' id='word_1_67' title='bbox 1460 796 1669 837; x_wconf 77' lang='lat' dir='ltr'>&#39;novimus</span> 
     </span>
     <span class='ocr_line' id='line_1_10' title="bbox 142 866 1669 923; baseline -0.001 -14"><span class='ocrx_word' id='word_1_68' title='bbox 142 868 404 923; x_wconf 86' lang='lat' dir='ltr'>exemplaria</span> <span class='ocrx_word' id='word_1_69' title='bbox 435 868 578 909; x_wconf 83' lang='lat' dir='ltr'>Plauti</span> <span class='ocrx_word' id='word_1_70' title='bbox 610 867 885 923; x_wconf 88' lang='lat' dir='ltr'>Terentiique</span> <span class='ocrx_word' id='word_1_71' title='bbox 927 882 1064 909; x_wconf 85' lang='lat' dir='ltr'>novae</span> <span class='ocrx_word' id='word_1_72' title='bbox 1109 867 1356 909; x_wconf 89' lang='lat' dir='ltr'>comoediae</span> <span class='ocrx_word' id='word_1_73' title='bbox 1395 870 1513 909; x_wconf 89' lang='lat' dir='ltr'>sunt:</span> <span class='ocrx_word' id='word_1_74' title='bbox 1559 866 1669 908; x_wconf 88' lang='lat' dir='ltr'>unde</span> 
     </span>
     <span class='ocr_line' id='line_1_11' title="bbox 138 938 1670 993; baseline -0.001 -12"><span class='ocrx_word' id='word_1_75' title='bbox 138 942 254 981; x_wconf 87' lang='lat' dir='ltr'>recte</span> <span class='ocrx_word' id='word_1_76' title='bbox 286 939 398 980; x_wconf 92' lang='lat' dir='ltr'>idem</span> <span class='ocrx_word' id='word_1_77' title='bbox 437 938 646 980; x_wconf 83' lang='lat' dir='ltr'>sumimus</span> <span class='ocrx_word' id='word_1_78' title='bbox 685 939 735 980; x_wconf 90' lang='lat' dir='ltr'>de</span> <span class='ocrx_word' id='word_1_79' title='bbox 768 939 941 991; x_wconf 88' lang='lat' dir='ltr'>ceteris,</span> <span class='ocrx_word' id='word_1_80' title='bbox 981 939 1067 980; x_wconf 85' lang='lat' dir='ltr'>nisi</span> <span class='ocrx_word' id='word_1_81' title='bbox 1103 938 1217 980; x_wconf 88' lang='lat' dir='ltr'>forte</span> <span class='ocrx_word' id='word_1_82' title='bbox 1257 939 1475 993; x_wconf 83' lang='lat' dir='ltr'>graviores</span> <span class='ocrx_word' id='word_1_83' title='bbox 1518 952 1670 980; x_wconf 86' lang='lat' dir='ltr'>causae</span> 
     </span>
     <span class='ocr_line' id='line_1_12' title="bbox 139 1008 1670 1065; baseline -0.001 -13"><span class='ocrx_word' id='word_1_84' title='bbox 139 1011 401 1052; x_wconf 90' lang='lat' dir='ltr'>contrarium</span> <span class='ocrx_word' id='word_1_85' title='bbox 440 1010 661 1052; x_wconf 89' lang='lat' dir='ltr'>suadeant.</span> <span class='ocrx_word' id='word_1_86' title='bbox 725 1008 807 1051; x_wconf 84' lang='lat' dir='ltr'>Sed</span> <span class='ocrx_word' id='word_1_87' title='bbox 841 1010 953 1065; x_wconf 87' lang='lat' dir='ltr'>quod</span> <span class='ocrx_word' id='word_1_88' title='bbox 992 1025 1125 1051; x_wconf 90' lang='lat' dir='ltr'>unum</span> <span class='ocrx_word' id='word_1_89' title='bbox 1168 1010 1347 1051; x_wconf 89' lang='lat' dir='ltr'>allatum</span> <span class='ocrx_word' id='word_1_90' title='bbox 1380 1013 1447 1051; x_wconf 88' lang='lat' dir='ltr'>est</span> <span class='ocrx_word' id='word_1_91' title='bbox 1480 1009 1529 1050; x_wconf 90' lang='lat' dir='ltr'>de</span> <span class='ocrx_word' id='word_1_92' title='bbox 1563 1008 1670 1063; x_wconf 84' lang='lat' dir='ltr'>Cap-</span> 
     </span>
     <span class='ocr_line' id='line_1_13' title="bbox 137 1081 1671 1137; baseline -0.001 -15"><span class='ocrx_word' id='word_1_93' title='bbox 137 1081 238 1123; x_wconf 86' lang='lat' dir='ltr'>tivis</span> <span class='ocrx_word' id='word_1_94' title='bbox 272 1084 573 1137; x_wconf 83' lang='lat' dir='ltr'>argumentum</span> <span class='ocrx_word' id='word_1_95' title='bbox 610 1081 738 1122; x_wconf 91' lang='lat' dir='ltr'>nihili</span> <span class='ocrx_word' id='word_1_96' title='bbox 770 1083 852 1122; x_wconf 87' lang='lat' dir='ltr'>est:</span> <span class='ocrx_word' id='word_1_97' title='bbox 893 1081 1057 1123; x_wconf 91' lang='lat' dir='ltr'>scilicet</span> <span class='ocrx_word' id='word_1_98' title='bbox 1088 1083 1254 1123; x_wconf 89' lang='lat' dir='ltr'>resecto</span> <span class='ocrx_word' id='word_1_99' title='bbox 1295 1081 1486 1135; x_wconf 86' lang='lat' dir='ltr'>parasito</span> <span class='ocrx_word' id='word_1_100' title='bbox 1518 1095 1671 1135; x_wconf 89' lang='lat' dir='ltr'>puram</span> 
     </span>
     <span class='ocr_line' id='line_1_14' title="bbox 138 1149 1670 1207; baseline -0.001 -14"><span class='ocrx_word' id='word_1_101' title='bbox 138 1154 290 1207; x_wconf 89' lang='lat' dir='ltr'>putam</span> <span class='ocrx_word' id='word_1_102' title='bbox 323 1155 488 1193; x_wconf 84' lang='lat' dir='ltr'>exstare</span> <span class='ocrx_word' id='word_1_103' title='bbox 521 1152 711 1194; x_wconf 88' lang='lat' dir='ltr'>fabulam</span> <span class='ocrx_word' id='word_1_104' title='bbox 743 1151 999 1194; x_wconf 83' lang='lat' dir='ltr'>familiarem</span> <span class='ocrx_word' id='word_1_105' title='bbox 1032 1149 1498 1207; x_wconf 69' lang='lat' dir='ltr'>lacrimabilemque*):</span> <span class='ocrx_word' id='word_1_106' title='bbox 1532 1151 1670 1206; x_wconf 86' lang='lat' dir='ltr'>qualis</span> 
     </span>
     <span class='ocr_line' id='line_1_15' title="bbox 140 1222 1670 1265; baseline -0.002 0"><span class='ocrx_word' id='word_1_107' title='bbox 140 1223 280 1265; x_wconf 86' lang='lat' dir='ltr'>aliena</span> <span class='ocrx_word' id='word_1_108' title='bbox 312 1224 370 1265; x_wconf 89' lang='lat' dir='ltr'>sit</span> <span class='ocrx_word' id='word_1_109' title='bbox 404 1238 428 1264; x_wconf 92' lang='lat' dir='ltr'>a</span> <span class='ocrx_word' id='word_1_110' title='bbox 459 1238 573 1265; x_wconf 89' lang='lat' dir='ltr'>nova</span> <span class='ocrx_word' id='word_1_111' title='bbox 604 1223 839 1265; x_wconf 84' lang='lat' dir='ltr'>comoedia.</span> <span class='ocrx_word' id='word_1_112' title='bbox 900 1223 994 1265; x_wconf 92' lang='lat' dir='ltr'>Iam</span> <span class='ocrx_word' id='word_1_113' title='bbox 1026 1226 1074 1264; x_wconf 90' lang='lat' dir='ltr'>ut</span> <span class='ocrx_word' id='word_1_114' title='bbox 1104 1224 1277 1265; x_wconf 91' lang='lat' dir='ltr'>mittam</span> <span class='ocrx_word' id='word_1_115' title='bbox 1310 1223 1525 1264; x_wconf 90' lang='lat' dir='ltr'>immerito</span> <span class='ocrx_word' id='word_1_116' title='bbox 1560 1222 1670 1263; x_wconf 89' lang='lat' dir='ltr'>sumi</span> 
     </span>
     <span class='ocr_line' id='line_1_16' title="bbox 140 1291 1670 1349; baseline -0.001 -14"><span class='ocrx_word' id='word_1_117' title='bbox 140 1296 214 1336; x_wconf 88' lang='lat' dir='ltr'>aut</span> <span class='ocrx_word' id='word_1_118' title='bbox 247 1294 418 1336; x_wconf 88' lang='lat' dir='ltr'>aliunde</span> <span class='ocrx_word' id='word_1_119' title='bbox 445 1294 782 1337; x_wconf 84' lang='lat' dir='ltr'>contaminatam</span> <span class='ocrx_word' id='word_1_120' title='bbox 811 1298 886 1336; x_wconf 91' lang='lat' dir='ltr'>aut</span> <span class='ocrx_word' id='word_1_121' title='bbox 911 1295 965 1336; x_wconf 92' lang='lat' dir='ltr'>ab</span> <span class='ocrx_word' id='word_1_122' title='bbox 991 1295 1085 1349; x_wconf 89' lang='lat' dir='ltr'>ipso</span> <span class='ocrx_word' id='word_1_123' title='bbox 1105 1294 1258 1336; x_wconf 89' lang='lat' dir='ltr'>Plauto</span> <span class='ocrx_word' id='word_1_124' title='bbox 1287 1293 1475 1336; x_wconf 87' lang='lat' dir='ltr'>affictam</span> <span class='ocrx_word' id='word_1_125' title='bbox 1505 1291 1670 1347; x_wconf 65' lang='lat' dir='ltr'>esse*³³‘)</span> 
     </span>
     <span class='ocr_line' id='line_1_17' title="bbox 138 1363 1671 1421; baseline -0.002 -15"><span class='ocrx_word' id='word_1_126' title='bbox 138 1365 331 1421; x_wconf 82' lang='lat' dir='ltr'>Ergasili</span> <span class='ocrx_word' id='word_1_127' title='bbox 378 1380 624 1420; x_wconf 87' lang='lat' dir='ltr'>personam:</span> <span class='ocrx_word' id='word_1_128' title='bbox 670 1380 879 1421; x_wconf 89' lang='lat' dir='ltr'>quasnam</span> <span class='ocrx_word' id='word_1_129' title='bbox 916 1366 1033 1407; x_wconf 91' lang='lat' dir='ltr'>illius</span> <span class='ocrx_word' id='word_1_130' title='bbox 1072 1366 1188 1407; x_wconf 91' lang='lat' dir='ltr'>modi</span> <span class='ocrx_word' id='word_1_131' title='bbox 1225 1365 1396 1407; x_wconf 86' lang='lat' dir='ltr'>fabulas</span> <span class='ocrx_word' id='word_1_132' title='bbox 1440 1379 1488 1405; x_wconf 81' lang='lat' dir='ltr'>ex</span> <span class='ocrx_word' id='word_1_133' title='bbox 1530 1363 1671 1404; x_wconf 90' lang='lat' dir='ltr'>media</span> 
     </span>
     <span class='ocr_line' id='line_1_18' title="bbox 138 1435 1671 1491; baseline -0.003 -13"><span class='ocrx_word' id='word_1_134' title='bbox 138 1436 338 1478; x_wconf 87' lang='lat' dir='ltr'>novimus</span> <span class='ocrx_word' id='word_1_135' title='bbox 373 1436 623 1479; x_wconf 75' lang='lat' dir='ltr'>comoedia?</span> <span class='ocrx_word' id='word_1_136' title='bbox 681 1435 840 1485; x_wconf 85' lang='lat' dir='ltr'>Quales</span> <span class='ocrx_word' id='word_1_137' title='bbox 871 1451 968 1478; x_wconf 85' lang='lat' dir='ltr'>raro</span> <span class='ocrx_word' id='word_1_138' title='bbox 1003 1437 1176 1478; x_wconf 90' lang='lat' dir='ltr'>omnino</span> <span class='ocrx_word' id='word_1_139' title='bbox 1210 1436 1388 1491; x_wconf 88' lang='lat' dir='ltr'>reperiri</span> <span class='ocrx_word' id='word_1_140' title='bbox 1420 1436 1512 1490; x_wconf 90' lang='lat' dir='ltr'>ipse</span> <span class='ocrx_word' id='word_1_141' title='bbox 1544 1437 1671 1489; x_wconf 88' lang='lat' dir='ltr'>poeta</span> 
     </span>
     <span class='ocr_line' id='line_1_19' title="bbox 137 1505 1670 1563; baseline -0.003 -14"><span class='ocrx_word' id='word_1_142' title='bbox 137 1508 327 1550; x_wconf 86' lang='lat' dir='ltr'>inculcat</span> <span class='ocrx_word' id='word_1_143' title='bbox 357 1508 402 1549; x_wconf 93' lang='lat' dir='ltr'>in</span> <span class='ocrx_word' id='word_1_144' title='bbox 435 1505 720 1563; x_wconf 72' lang='lat' dir='ltr'>epilogo***).</span> <span class='ocrx_word' id='word_1_145' title='bbox 765 1508 909 1562; x_wconf 89' lang='lat' dir='ltr'>Atque</span> <span class='ocrx_word' id='word_1_146' title='bbox 942 1508 994 1550; x_wconf 91' lang='lat' dir='ltr'>ad</span> <span class='ocrx_word' id='word_1_147' title='bbox 1026 1508 1240 1549; x_wconf 91' lang='lat' dir='ltr'>rationem</span> <span class='ocrx_word' id='word_1_148' title='bbox 1268 1507 1514 1563; x_wconf 82' lang='lat' dir='ltr'>generalem</span> <span class='ocrx_word' id='word_1_149' title='bbox 1542 1520 1670 1560; x_wconf 88' lang='lat' dir='ltr'>quam</span> 
     </span>
    </p>
   </div>
   <div class='ocr_carea' id='block_1_3' title="bbox 138 1694 1675 2756">
    <p class='ocr_par' dir='ltr' id='par_1_3' title="bbox 138 1694 1675 2319">
     <span class='ocr_line' id='line_1_20' title="bbox 254 1694 1672 1741; baseline -0.001 -12"><span class='ocrx_word' id='word_1_150' title='bbox 254 1694 287 1738; x_wconf 64' lang='lat'>⁹⁵)</span> <span class='ocrx_word' id='word_1_151' title='bbox 315 1694 460 1730; x_wconf 84' lang='lat' dir='ltr'>Brixius</span> <span class='ocrx_word' id='word_1_152' title='bbox 480 1707 517 1740; x_wconf 90' lang='lat' dir='ltr'>p.</span> <span class='ocrx_word' id='word_1_153' title='bbox 529 1699 568 1730; x_wconf 87' lang='lat'>4:</span> <span class='ocrx_word' id='word_1_154' title='bbox 593 1695 841 1740; x_wconf 70' lang='lat' dir='ltr'>„Anlanyend</span> <span class='ocrx_word' id='word_1_155' title='bbox 860 1696 927 1731; x_wconf 80' lang='lat' dir='ltr'>das</span> <span class='ocrx_word' id='word_1_156' title='bbox 945 1696 1160 1741; x_wconf 65' lang='lat' dir='ltr'>griechische</span> <span class='ocrx_word' id='word_1_157' title='bbox 1177 1695 1348 1741; x_wconf 65' lang='lat' dir='ltr'>Oriyinaz</span> <span class='ocrx_word' id='word_1_158' title='bbox 1362 1696 1424 1730; x_wconf 77' lang='lat' dir='ltr'>cler</span> <span class='ocrx_word' id='word_1_159' title='bbox 1439 1694 1672 1738; x_wconf 53' lang='grc' dir='ltr'>θείω-9671611</span> 
     </span>
     <span class='ocr_line' id='line_1_21' title="bbox 139 1748 1673 1795; baseline -0.002 -11"><span class='ocrx_word' id='word_1_160' title='bbox 139 1749 232 1792; x_wconf 82' lang='lat' dir='ltr'>darf</span> <span class='ocrx_word' id='word_1_161' title='bbox 250 1760 349 1792; x_wconf 75' lang='lat' dir='ltr'>man,</span> <span class='ocrx_word' id='word_1_162' title='bbox 375 1752 527 1795; x_wconf 65' lang='lat' dir='ltr'>qestz‘ctzt</span> <span class='ocrx_word' id='word_1_163' title='bbox 552 1750 626 1791; x_wconf 73' lang='lat' dir='ltr'>auf</span> <span class='ocrx_word' id='word_1_164' title='bbox 645 1750 704 1784; x_wconf 76' lang='lat' dir='ltr'>die</span> <span class='ocrx_word' id='word_1_165' title='bbox 736 1748 1054 1795; x_wconf 70' lang='lat' dir='ltr'>Wahrnelzmwny,</span> <span class='ocrx_word' id='word_1_166' title='bbox 1077 1750 1162 1784; x_wconf 79' lang='lat' dir='ltr'>dass</span> <span class='ocrx_word' id='word_1_167' title='bbox 1187 1750 1281 1784; x_wconf 75' lang='lat' dir='ltr'>nach</span> <span class='ocrx_word' id='word_1_168' title='bbox 1306 1748 1585 1794; x_wconf 74' lang='lat' dir='ltr'>Ausschez‘clzmy</span> <span class='ocrx_word' id='word_1_169' title='bbox 1611 1748 1673 1782; x_wconf 70' lang='lat' dir='ltr'>cler</span> 
     </span>
     <span class='ocr_line' id='line_1_22' title="bbox 138 1801 1673 1849; baseline -0.001 -12"><span class='ocrx_word' id='word_1_170' title='bbox 138 1802 425 1838; x_wconf 35' lang='lat' dir='ltr'>Parasitenfrolle</span> <span class='ocrx_word' id='word_1_171' title='bbox 451 1804 511 1838; x_wconf 77' lang='lat' dir='ltr'>ein</span> <span class='ocrx_word' id='word_1_172' title='bbox 534 1803 652 1838; x_wconf 72' lang='lat' dir='ltr'>reims</span> <span class='ocrx_word' id='word_1_173' title='bbox 671 1802 711 1836; x_wconf 89' lang='lat' dir='ltr'><em>F</em></span> <span class='ocrx_word' id='word_1_174' title='bbox 710 1803 1052 1838; x_wconf 63' lang='lat' dir='ltr'>avnz&#39;lieozmzlerstzick</span> <span class='ocrx_word' id='word_1_175' title='bbox 1070 1803 1179 1849; x_wconf 64' lang='lat' dir='ltr'>vibriy</span> <span class='ocrx_word' id='word_1_176' title='bbox 1200 1803 1319 1846; x_wconf 74' lang='lat' dir='ltr'>bleibt,</span> <span class='ocrx_word' id='word_1_177' title='bbox 1346 1814 1413 1838; x_wconf 68' lang='lat' dir='ltr'>von</span> <span class='ocrx_word' id='word_1_178' title='bbox 1433 1803 1581 1837; x_wconf 76' lang='lat' dir='ltr'>welcher</span> <span class='ocrx_word' id='word_1_179' title='bbox 1601 1801 1673 1836; x_wconf 75' lang='lat' dir='ltr'>Art</span> 
     </span>
     <span class='ocr_line' id='line_1_23' title="bbox 138 1855 1673 1901; baseline -0.001 -11"><span class='ocrx_word' id='word_1_180' title='bbox 138 1867 209 1890; x_wconf 73' lang='lat' dir='ltr'>von</span> <span class='ocrx_word' id='word_1_181' title='bbox 233 1856 464 1900; x_wconf 76' lang='lat' dir='ltr'>Lustspielen</span> <span class='ocrx_word' id='word_1_182' title='bbox 488 1855 571 1891; x_wconf 74' lang='lat' dir='ltr'>kein</span> <span class='ocrx_word' id='word_1_183' title='bbox 596 1857 754 1891; x_wconf 52' lang='grc' dir='ltr'>ποιείτω-63</span> <span class='ocrx_word' id='word_1_184' title='bbox 778 1855 940 1901; x_wconf 76' lang='lat' dir='ltr'>Beispiel</span> <span class='ocrx_word' id='word_1_185' title='bbox 972 1856 1027 1891; x_wconf 83' lang='lat' dir='ltr'>bei</span> <span class='ocrx_word' id='word_1_186' title='bbox 1051 1856 1230 1891; x_wconf 74' lang='lat' dir='ltr'>Dichtern</span> <span class='ocrx_word' id='word_1_187' title='bbox 1262 1857 1324 1890; x_wconf 81' lang='lat' dir='ltr'>der</span> <span class='ocrx_word' id='word_1_188' title='bbox 1349 1867 1466 1890; x_wconf 71' lang='lat' dir='ltr'>neuen</span> <span class='ocrx_word' id='word_1_189' title='bbox 1499 1855 1673 1890; x_wconf 75' lang='lat' dir='ltr'>attisclzen</span> 
     </span>
     <span class='ocr_line' id='line_1_24' title="bbox 140 1908 1672 1954; baseline -0.001 -11"><span class='ocrx_word' id='word_1_190' title='bbox 140 1909 316 1945; x_wconf 74' lang='lat' dir='ltr'>Komo&#39;die</span> <span class='ocrx_word' id='word_1_191' title='bbox 341 1910 588 1945; x_wconf 69' lang='lat' dir='ltr'>naelnvez&#39;sbar</span> <span class='ocrx_word' id='word_1_192' title='bbox 613 1911 671 1953; x_wconf 74' lang='lat' dir='ltr'>ist,</span> <span class='ocrx_word' id='word_1_193' title='bbox 702 1909 794 1944; x_wconf 77' lang='lat' dir='ltr'>wohl</span> <span class='ocrx_word' id='word_1_194' title='bbox 818 1911 884 1943; x_wconf 73' lang='lat' dir='ltr'>mit</span> <span class='ocrx_word' id='word_1_195' title='bbox 916 1910 1053 1954; x_wconf 67' lang='lat' dir='ltr'>einiyer</span> <span class='ocrx_word' id='word_1_196' title='bbox 1087 1909 1471 1944; x_wconf 68' lang='lat' dir='ltr'>Wahrschemlzfelzkeit</span> <span class='ocrx_word' id='word_1_197' title='bbox 1497 1910 1554 1944; x_wconf 77' lang='lat' dir='ltr'>die</span> <span class='ocrx_word' id='word_1_198' title='bbox 1588 1908 1672 1942; x_wconf 72' lang='lat' dir='ltr'>Ver-</span> 
     </span>
     <span class='ocr_line' id='line_1_25' title="bbox 139 1962 1672 2008; baseline -0.001 -11"><span class='ocrx_word' id='word_1_199' title='bbox 139 1963 315 2008; x_wconf 71' lang='lat' dir='ltr'>muthuny</span> <span class='ocrx_word' id='word_1_200' title='bbox 350 1963 560 2007; x_wconf 73' lang='lat' dir='ltr'>aufstelle‘n,</span> <span class='ocrx_word' id='word_1_201' title='bbox 595 1963 754 1998; x_wconf 80' lang='lat' dir='ltr'>Plautus</span> <span class='ocrx_word' id='word_1_202' title='bbox 785 1966 884 2007; x_wconf 72' lang='lat' dir='ltr'>mo&#39;ye</span> <span class='ocrx_word' id='word_1_203' title='bbox 914 1963 956 1997; x_wconf 74' lang='lat' dir='ltr'>in</span> <span class='ocrx_word' id='word_1_204' title='bbox 981 1963 1110 1998; x_wconf 76' lang='lat' dir='ltr'>diesem</span> <span class='ocrx_word' id='word_1_205' title='bbox 1137 1963 1250 1998; x_wconf 70' lang='lat' dir='ltr'>Stz&#39;c&#39;ck</span> <span class='ocrx_word' id='word_1_206' title='bbox 1282 1964 1342 1998; x_wconf 73' lang='lat' dir='ltr'>eiu</span> <span class='ocrx_word' id='word_1_207' title='bbox 1367 1962 1551 2006; x_wconf 74' lang='lat' dir='ltr'>Lustspz‘el</span> <span class='ocrx_word' id='word_1_208' title='bbox 1577 1962 1672 1996; x_wconf 69' lang='lat' dir='ltr'>eines</span> 
     </span>
     <span class='ocr_line' id='line_1_26' title="bbox 139 2015 1671 2061; baseline -0.001 -11"><span class='ocrx_word' id='word_1_209' title='bbox 139 2015 311 2051; x_wconf 77' lang='lat' dir='ltr'>Dichters</span> <span class='ocrx_word' id='word_1_210' title='bbox 335 2017 398 2051; x_wconf 80' lang='lat' dir='ltr'>der</span> <span class='ocrx_word' id='word_1_211' title='bbox 423 2017 604 2052; x_wconf 76' lang='lat' dir='ltr'>mittleren</span> <span class='ocrx_word' id='word_1_212' title='bbox 622 2016 801 2051; x_wconf 73' lang='lat' dir='ltr'>Komo‘die</span> <span class='ocrx_word' id='word_1_213' title='bbox 826 2016 1075 2061; x_wconf 70' lang='lat' dir='ltr'>nachyebz‘ldet</span> <span class='ocrx_word' id='word_1_214' title='bbox 1094 2018 1172 2051; x_wconf 73' lang='lat' dir='ltr'>mul</span> <span class='ocrx_word' id='word_1_215' title='bbox 1191 2017 1368 2051; x_wconf 74' lang='lat' dir='ltr'>vielleiclct</span> <span class='ocrx_word' id='word_1_216' title='bbox 1388 2017 1445 2051; x_wconf 81' lang='lat' dir='ltr'>clz&#39;e</span> <span class='ocrx_word' id='word_1_217' title='bbox 1459 2016 1671 2051; x_wconf 47' lang='lat' dir='ltr'>Pan-«siten-</span> 
     </span>
     <span class='ocr_line' id='line_1_27' title="bbox 140 2069 1674 2115; baseline -0.001 -11"><span class='ocrx_word' id='word_1_218' title='bbox 140 2070 227 2104; x_wconf 79' lang='lat' dir='ltr'>rolle</span> <span class='ocrx_word' id='word_1_219' title='bbox 259 2080 327 2105; x_wconf 81' lang='lat' dir='ltr'>aus</span> <span class='ocrx_word' id='word_1_220' title='bbox 360 2071 501 2114; x_wconf 71' lang='lat' dir='ltr'>eiyener</span> <span class='ocrx_word' id='word_1_221' title='bbox 533 2069 747 2114; x_wconf 67' lang='lat' dir='ltr'>Erfznduny</span> <span class='ocrx_word' id='word_1_222' title='bbox 778 2069 1023 2115; x_wconf 70' lang='lat' dir='ltr'>himuyethan</span> <span class='ocrx_word' id='word_1_223' title='bbox 1056 2071 1191 2113; x_wconf 73' lang='lat' dir='ltr'>haben,</span> <span class='ocrx_word' id='word_1_224' title='bbox 1227 2070 1374 2104; x_wconf 73' lang='lat' dir='ltr'>welcher</span> <span class='ocrx_word' id='word_1_225' title='bbox 1406 2069 1556 2103; x_wconf 78' lang='lat' dir='ltr'>Dichter</span> <span class='ocrx_word' id='word_1_226' title='bbox 1589 2069 1674 2102; x_wconf 81' lang='lat' dir='ltr'>aber</span> 
     </span>
     <span class='ocr_line' id='line_1_28' title="bbox 141 2122 1674 2167; baseline -0.002 -10"><span class='ocrx_word' id='word_1_227' title='bbox 141 2122 473 2167; x_wconf 67' lang='lat' dir='ltr'>(Anaoeanclo-icles?</span> <span class='ocrx_word' id='word_1_228' title='bbox 499 2122 773 2167; x_wconf 75' lang='lat' dir='ltr'>Antiphanes?)</span> <span class='ocrx_word' id='word_1_229' title='bbox 803 2123 881 2157; x_wconf 79' lang='lat' dir='ltr'>und</span> <span class='ocrx_word' id='word_1_230' title='bbox 916 2124 1060 2158; x_wconf 74' lang='lat' dir='ltr'>welches</span> <span class='ocrx_word' id='word_1_231' title='bbox 1086 2123 1196 2158; x_wconf 67' lang='lat' dir='ltr'>›S&#39;te&#39;c‘ck</span> <span class='ocrx_word' id='word_1_232' title='bbox 1228 2125 1268 2157; x_wconf 77' lang='lat' dir='ltr'>in</span> <span class='ocrx_word' id='word_1_233' title='bbox 1299 2123 1431 2157; x_wconf 61' lang='lat' dir='ltr'>aethere</span> <span class='ocrx_word' id='word_1_234' title='bbox 1463 2122 1674 2164; x_wconf 65' lang='lat' dir='ltr'>Bezz‘ehunq</span> 
     </span>
     <span class='ocr_line' id='line_1_29' title="bbox 141 2174 1671 2222; baseline -0.002 -11"><span class='ocrx_word' id='word_1_235' title='bbox 141 2188 187 2212; x_wconf 72' lang='lat' dir='ltr'>zu</span> <span class='ocrx_word' id='word_1_236' title='bbox 211 2177 282 2211; x_wconf 74' lang='lat' dir='ltr'>(len</span> <span class='ocrx_word' id='word_1_237' title='bbox 308 2177 544 2222; x_wconf 67' lang='lat' dir='ltr'>Gesanyenen</span> <span class='ocrx_word' id='word_1_238' title='bbox 568 2188 614 2211; x_wconf 69' lang='lat' dir='ltr'>zu</span> <span class='ocrx_word' id='word_1_239' title='bbox 638 2180 753 2212; x_wconf 65' lang='lat' dir='ltr'>setzen</span> <span class='ocrx_word' id='word_1_240' title='bbox 777 2177 847 2220; x_wconf 76' lang='lat' dir='ltr'>sei,</span> <span class='ocrx_word' id='word_1_241' title='bbox 873 2177 1030 2211; x_wconf 68' lang='lat' dir='ltr'>dariiber</span> <span class='ocrx_word' id='word_1_242' title='bbox 1055 2177 1141 2211; x_wconf 61' lang='lat' dir='ltr'>siml</span> <span class='ocrx_word' id='word_1_243' title='bbox 1167 2188 1264 2211; x_wconf 67' lang='lat' dir='ltr'>zze-ar</span> <span class='ocrx_word' id='word_1_244' title='bbox 1295 2174 1588 2221; x_wconf 68' lang='lat' dir='ltr'>Vermuthunqen</span> <span class='ocrx_word' id='word_1_245' title='bbox 1614 2186 1671 2219; x_wconf 72' lang='lat'>96-</span> 
     </span>
     <span class='ocr_line' id='line_1_30' title="bbox 140 2227 1675 2275; baseline -0.003 -10"><span class='ocrx_word' id='word_1_246' title='bbox 140 2235 254 2275; x_wconf 70' lang='lat' dir='ltr'>wayt,</span> <span class='ocrx_word' id='word_1_247' title='bbox 291 2231 377 2265; x_wconf 79' lang='lat' dir='ltr'>aber</span> <span class='ocrx_word' id='word_1_248' title='bbox 413 2231 523 2265; x_wconf 79' lang='lat' dir='ltr'>kaum</span> <span class='ocrx_word' id='word_1_249' title='bbox 561 2230 615 2265; x_wconf 82' lang='lat' dir='ltr'>bis</span> <span class='ocrx_word' id='word_1_250' title='bbox 645 2240 691 2265; x_wconf 72' lang='lat' dir='ltr'>zu</span> <span class='ocrx_word' id='word_1_251' title='bbox 722 2231 851 2274; x_wconf 67' lang='lat' dir='ltr'>imend</span> <span class='ocrx_word' id='word_1_252' title='bbox 885 2230 997 2264; x_wconf 69' lang='lat' dir='ltr'>ezfnem</span> <span class='ocrx_word' id='word_1_253' title='bbox 1030 2230 1152 2264; x_wconf 75' lang='lat' dir='ltr'>Gracle</span> <span class='ocrx_word' id='word_1_254' title='bbox 1190 2230 1253 2264; x_wconf 82' lang='lat' dir='ltr'>der</span> <span class='ocrx_word' id='word_1_255' title='bbox 1292 2227 1675 2264; x_wconf 65' lang='lat' dir='ltr'>Wahrsehezssnlichkeit</span> 
     </span>
     <span class='ocr_line' id='line_1_31' title="bbox 142 2284 499 2319; baseline 0 -1"><span class='ocrx_word' id='word_1_256' title='bbox 142 2284 292 2319; x_wconf 81' lang='lat' dir='ltr'>erhoben</span> <span class='ocrx_word' id='word_1_257' title='bbox 316 2284 499 2318; x_wconf 77' lang='lat' dir='ltr'>worden.“</span> 
     </span>
    </p>

    <p class='ocr_par' dir='ltr' id='par_1_4' title="bbox 142 2335 1675 2647">
     <span class='ocr_line' id='line_1_32' title="bbox 238 2335 1673 2381; baseline -0.001 -11"><span class='ocrx_word' id='word_1_258' title='bbox 238 2335 291 2379; x_wconf 73' lang='lat'>**)</span> <span class='ocrx_word' id='word_1_259' title='bbox 323 2336 420 2370; x_wconf 90' lang='lat' dir='ltr'>Illud</span> <span class='ocrx_word' id='word_1_260' title='bbox 446 2335 692 2381; x_wconf 86' lang='lat' dir='ltr'>Ladewigius,</span> <span class='ocrx_word' id='word_1_261' title='bbox 725 2337 796 2371; x_wconf 83' lang='lat' dir='ltr'>hoc</span> <span class='ocrx_word' id='word_1_262' title='bbox 828 2335 1031 2379; x_wconf 84' lang='lat' dir='ltr'>Herzogius</span> <span class='ocrx_word' id='word_1_263' title='bbox 1058 2335 1191 2370; x_wconf 87' lang='lat' dir='ltr'>Annal.</span> <span class='ocrx_word' id='word_1_264' title='bbox 1225 2336 1316 2381; x_wconf 89' lang='lat' dir='ltr'>phil.</span> <span class='ocrx_word' id='word_1_265' title='bbox 1351 2335 1466 2370; x_wconf 86' lang='lat' dir='ltr'><strong>CXIII</strong></span> <span class='ocrx_word' id='word_1_266' title='bbox 1493 2337 1540 2379; x_wconf 83' lang='lat' dir='ltr'>(a.</span> <span class='ocrx_word' id='word_1_267' title='bbox 1569 2336 1673 2376; x_wconf 78' lang='lat'>1876)</span> 
     </span>
     <span class='ocr_line' id='line_1_33' title="bbox 142 2389 1675 2435; baseline -0.003 -10"><span class='ocrx_word' id='word_1_268' title='bbox 142 2403 177 2435; x_wconf 89' lang='lat' dir='ltr'>p.</span> <span class='ocrx_word' id='word_1_269' title='bbox 205 2394 273 2425; x_wconf 86' lang='lat'>363</span> <span class='ocrx_word' id='word_1_270' title='bbox 288 2401 365 2434; x_wconf 86' lang='lat' dir='ltr'>sqq.</span> <span class='ocrx_word' id='word_1_271' title='bbox 394 2389 561 2425; x_wconf 86' lang='lat' dir='ltr'>coniecit.</span> <span class='ocrx_word' id='word_1_272' title='bbox 614 2389 687 2424; x_wconf 86' lang='lat' dir='ltr'>Sed</span> <span class='ocrx_word' id='word_1_273' title='bbox 720 2401 803 2424; x_wconf 86' lang='lat' dir='ltr'>cum</span> <span class='ocrx_word' id='word_1_274' title='bbox 828 2389 971 2423; x_wconf 84' lang='lat' dir='ltr'>duobus</span> <span class='ocrx_word' id='word_1_275' title='bbox 996 2389 1088 2424; x_wconf 87' lang='lat' dir='ltr'>locis</span> <span class='ocrx_word' id='word_1_276' title='bbox 1125 2390 1244 2434; x_wconf 86' lang='lat' dir='ltr'>ipsam</span> <span class='ocrx_word' id='word_1_277' title='bbox 1277 2389 1464 2424; x_wconf 84' lang='lat' dir='ltr'>actionem</span> <span class='ocrx_word' id='word_1_278' title='bbox 1490 2389 1675 2435; x_wconf 84' lang='lat' dir='ltr'>provehat</span> 
     </span>
     <span class='ocr_line' id='line_1_34' title="bbox 142 2442 1673 2488; baseline -0.003 -10"><span class='ocrx_word' id='word_1_279' title='bbox 142 2443 328 2488; x_wconf 85' lang='lat' dir='ltr'>parasitus</span> <span class='ocrx_word' id='word_1_280' title='bbox 355 2454 398 2477; x_wconf 90' lang='lat' dir='ltr'>ea</span> <span class='ocrx_word' id='word_1_281' title='bbox 423 2443 569 2478; x_wconf 87' lang='lat' dir='ltr'>ratione</span> <span class='ocrx_word' id='word_1_282' title='bbox 591 2454 666 2487; x_wconf 86' lang='lat' dir='ltr'>qua</span> <span class='ocrx_word' id='word_1_283' title='bbox 691 2443 840 2476; x_wconf 81' lang='lat' dir='ltr'>omnino</span> <span class='ocrx_word' id='word_1_284' title='bbox 866 2442 904 2476; x_wconf 89' lang='lat' dir='ltr'>in</span> <span class='ocrx_word' id='word_1_285' title='bbox 925 2442 1061 2476; x_wconf 86' lang='lat' dir='ltr'>fabulis</span> <span class='ocrx_word' id='word_1_286' title='bbox 1089 2442 1260 2477; x_wconf 85' lang='lat' dir='ltr'>adhiberi</span> <span class='ocrx_word' id='word_1_287' title='bbox 1287 2443 1394 2484; x_wconf 85' lang='lat' dir='ltr'>solet,</span> <span class='ocrx_word' id='word_1_288' title='bbox 1422 2442 1511 2486; x_wconf 88' lang='lat' dir='ltr'>quid</span> <span class='ocrx_word' id='word_1_289' title='bbox 1537 2452 1673 2486; x_wconf 73' lang='lat' dir='ltr'>quaeso</span> 
     </span>
     <span class='ocr_line' id='line_1_35' title="bbox 142 2493 1673 2540; baseline -0.003 -9"><span class='ocrx_word' id='word_1_290' title='bbox 142 2509 209 2532; x_wconf 89' lang='lat' dir='ltr'>nos</span> <span class='ocrx_word' id='word_1_291' title='bbox 236 2498 374 2540; x_wconf 84' lang='lat' dir='ltr'>movet,</span> <span class='ocrx_word' id='word_1_292' title='bbox 400 2497 442 2530; x_wconf 87' lang='lat' dir='ltr'>ut</span> <span class='ocrx_word' id='word_1_293' title='bbox 468 2496 579 2530; x_wconf 87' lang='lat' dir='ltr'>aliter</span> <span class='ocrx_word' id='word_1_294' title='bbox 605 2495 694 2531; x_wconf 91' lang='lat' dir='ltr'>olim</span> <span class='ocrx_word' id='word_1_295' title='bbox 719 2508 797 2530; x_wconf 82' lang='lat' dir='ltr'>rem</span> <span class='ocrx_word' id='word_1_296' title='bbox 824 2496 1069 2540; x_wconf 80' lang='lat' dir='ltr'>compositam</span> <span class='ocrx_word' id='word_1_297' title='bbox 1091 2496 1202 2530; x_wconf 82' lang='lat' dir='ltr'>fuisse</span> <span class='ocrx_word' id='word_1_298' title='bbox 1222 2496 1474 2540; x_wconf 70' lang='lat' dir='ltr'>suspicemur?</span> <span class='ocrx_word' id='word_1_299' title='bbox 1507 2493 1673 2537; x_wconf 85' lang='lat' dir='ltr'>Itemque</span> 
     </span>
     <span class='ocr_line' id='line_1_36' title="bbox 145 2547 1673 2594; baseline -0.003 -11"><span class='ocrx_word' id='word_1_300' title='bbox 145 2550 353 2594; x_wconf 84' lang='lat' dir='ltr'>Ergasilum</span> <span class='ocrx_word' id='word_1_301' title='bbox 380 2549 537 2584; x_wconf 77' lang='lat' dir='ltr'>maxime</span> <span class='ocrx_word' id='word_1_302' title='bbox 564 2549 611 2583; x_wconf 85' lang='lat' dir='ltr'>ad</span> <span class='ocrx_word' id='word_1_303' title='bbox 639 2559 695 2583; x_wconf 88' lang='lat' dir='ltr'>res</span> <span class='ocrx_word' id='word_1_304' title='bbox 722 2550 909 2583; x_wconf 82' lang='lat' dir='ltr'>Romanas</span> <span class='ocrx_word' id='word_1_305' title='bbox 935 2548 1100 2583; x_wconf 85' lang='lat' dir='ltr'>alludere</span> <span class='ocrx_word' id='word_1_306' title='bbox 1130 2549 1216 2583; x_wconf 88' lang='lat' dir='ltr'>inde</span> <span class='ocrx_word' id='word_1_307' title='bbox 1244 2549 1451 2593; x_wconf 87' lang='lat' dir='ltr'>simplicius</span> <span class='ocrx_word' id='word_1_308' title='bbox 1472 2547 1673 2591; x_wconf 84' lang='lat' dir='ltr'>repetimus</span> 
     </span>
     <span class='ocr_line' id='line_1_37' title="bbox 144 2601 1387 2647; baseline -0.002 -11"><span class='ocrx_word' id='word_1_309' title='bbox 144 2602 243 2646; x_wconf 89' lang='lat' dir='ltr'>quod</span> <span class='ocrx_word' id='word_1_310' title='bbox 269 2602 417 2637; x_wconf 90' lang='lat' dir='ltr'>omnino</span> <span class='ocrx_word' id='word_1_311' title='bbox 446 2602 609 2647; x_wconf 74' lang='lat' dir='ltr'>‘praeter</span> <span class='ocrx_word' id='word_1_312' title='bbox 634 2602 727 2636; x_wconf 88' lang='lat' dir='ltr'>rem&#39;</span> <span class='ocrx_word' id='word_1_313' title='bbox 758 2601 860 2646; x_wconf 91' lang='lat' dir='ltr'>loqui</span> <span class='ocrx_word' id='word_1_314' title='bbox 887 2601 1009 2635; x_wconf 87' lang='lat' dir='ltr'>solent</span> <span class='ocrx_word' id='word_1_315' title='bbox 1033 2602 1191 2646; x_wconf 86' lang='lat' dir='ltr'>parasiti</span> <span class='ocrx_word' id='word_1_316' title='bbox 1215 2602 1387 2636; x_wconf 80' lang='lat' dir='ltr'>maxime.</span> 
     </span>
    </p>

    <p class='ocr_par' dir='ltr' id='par_1_5' title="bbox 145 2659 1674 2756">
     <span class='ocr_line' id='line_1_38' title="bbox 239 2659 1674 2706; baseline -0.003 -11"><span class='ocrx_word' id='word_1_317' title='bbox 239 2661 314 2706; x_wconf 75' lang='lat'><em>***)</em></span> <span class='ocrx_word' id='word_1_318' title='bbox 343 2661 500 2706; x_wconf 80' lang='lat' dir='ltr'>Epilogo</span> <span class='ocrx_word' id='word_1_319' title='bbox 524 2664 566 2696; x_wconf 89' lang='lat' dir='ltr'>ut</span> <span class='ocrx_word' id='word_1_320' title='bbox 591 2660 684 2696; x_wconf 88' lang='lat' dir='ltr'>alias</span> <span class='ocrx_word' id='word_1_321' title='bbox 710 2663 810 2696; x_wconf 85' lang='lat' dir='ltr'>recte</span> <span class='ocrx_word' id='word_1_322' title='bbox 832 2659 1058 2696; x_wconf 79' lang='lat' dir='ltr'><strong>CATERVA</strong></span> <span class='ocrx_word' id='word_1_323' title='bbox 1078 2660 1286 2695; x_wconf 81' lang='lat' dir='ltr'>inscribunt.</span> <span class='ocrx_word' id='word_1_324' title='bbox 1312 2660 1414 2694; x_wconf 87' lang='lat' dir='ltr'>libri:</span> <span class='ocrx_word' id='word_1_325' title='bbox 1443 2659 1562 2693; x_wconf 86' lang='lat' dir='ltr'>eidem</span> <span class='ocrx_word' id='word_1_326' title='bbox 1590 2669 1674 2702; x_wconf 85' lang='lat' dir='ltr'>pro—</span> 
     </span>
     <span class='ocr_line' id='line_1_39' title="bbox 145 2711 1674 2756; baseline -0.003 -7"><span class='ocrx_word' id='word_1_327' title='bbox 145 2714 271 2749; x_wconf 86' lang='lat' dir='ltr'>babile</span> <span class='ocrx_word' id='word_1_328' title='bbox 297 2715 354 2749; x_wconf 84' lang='lat' dir='ltr'>est</span> <span class='ocrx_word' id='word_1_329' title='bbox 379 2713 559 2749; x_wconf 88' lang='lat' dir='ltr'>sollemne</span> <span class='ocrx_word' id='word_1_330' title='bbox 584 2714 677 2748; x_wconf 90' lang='lat' dir='ltr'>illud</span> <span class='ocrx_word' id='word_1_331' title='bbox 705 2713 903 2749; x_wconf 77' lang='lat' dir='ltr'>‘Plaudite’</span> <span class='ocrx_word' id='word_1_332' title='bbox 932 2712 1170 2747; x_wconf 86' lang='lat' dir='ltr'>tribuendum</span> <span class='ocrx_word' id='word_1_333' title='bbox 1198 2724 1294 2748; x_wconf 88' lang='lat' dir='ltr'>esse:</span> <span class='ocrx_word' id='word_1_334' title='bbox 1333 2713 1430 2756; x_wconf 87' lang='lat' dir='ltr'>quod</span> <span class='ocrx_word' id='word_1_335' title='bbox 1458 2723 1501 2746; x_wconf 84' lang='lat' dir='ltr'>ex</span> <span class='ocrx_word' id='word_1_336' title='bbox 1526 2711 1674 2745; x_wconf 78' lang='lat' dir='ltr'>Horatii</span> 
     </span>
    </p>
   </div>
   <div class='ocr_carea' id='block_1_4' title="bbox 145 2765 1672 2984">
    <p class='ocr_par' dir='ltr' id='par_1_6' title="bbox 145 2765 1672 2984">
     <span class='ocr_line' id='line_1_40' title="bbox 145 2765 1671 2823; baseline -0.003 -9"><span class='ocrx_word' id='word_1_337' title='bbox 145 2779 228 2814; x_wconf 89' lang='lat' dir='ltr'>loco</span> <span class='ocrx_word' id='word_1_338' title='bbox 263 2779 456 2814; x_wconf 80' lang='lat' dir='ltr'>notissimo</span> <span class='ocrx_word' id='word_1_339' title='bbox 491 2779 634 2814; x_wconf 77' lang='lat' dir='ltr'>cantori</span> <span class='ocrx_word' id='word_1_340' title='bbox 666 2779 875 2814; x_wconf 84' lang='lat' dir='ltr'>tribuimus.</span> <span class='ocrx_word' id='word_1_341' title='bbox 926 2777 1014 2811; x_wconf 88' lang='lat' dir='ltr'>Fuit</span> <span class='ocrx_word' id='word_1_342' title='bbox 1048 2788 1131 2812; x_wconf 89' lang='lat' dir='ltr'>cum</span> <span class='ocrx_word' id='word_1_343' title='bbox 1168 2778 1376 2823; x_wconf 77' lang='lat' dir='ltr'>suspicarer</span> <span class='ocrx_word' id='word_1_344' title='bbox 1404 2766 1471 2810; x_wconf 70' lang='lat' dir='ltr'>CK</span> <span class='ocrx_word' id='word_1_345' title='bbox 1490 2777 1550 2811; x_wconf 86' lang='lat' dir='ltr'>vel</span> <span class='ocrx_word' id='word_1_346' title='bbox 1579 2765 1671 2810; x_wconf 55' lang='lat' dir='ltr'>CXJ&#39;</span> 
     </span>
     <span class='ocr_line' id='line_1_41' title="bbox 145 2828 1669 2877; baseline -0.004 -10"><span class='ocrx_word' id='word_1_347' title='bbox 145 2834 236 2867; x_wconf 89' lang='lat' dir='ltr'>nota</span> <span class='ocrx_word' id='word_1_348' title='bbox 255 2832 415 2877; x_wconf 87' lang='lat' dir='ltr'>quadam</span> <span class='ocrx_word' id='word_1_349' title='bbox 438 2832 636 2877; x_wconf 88' lang='lat' dir='ltr'>deceptum</span> <span class='ocrx_word' id='word_1_350' title='bbox 662 2842 741 2866; x_wconf 84' lang='lat' dir='ltr'>esse</span> <span class='ocrx_word' id='word_1_351' title='bbox 762 2831 958 2867; x_wconf 87' lang='lat' dir='ltr'>Horatium</span> <span class='ocrx_word' id='word_1_352' title='bbox 984 2830 1046 2866; x_wconf 84' lang='lat' dir='ltr'>vel</span> <span class='ocrx_word' id='word_1_353' title='bbox 1066 2833 1256 2866; x_wconf 85' lang='lat' dir='ltr'>auctorem</span> <span class='ocrx_word' id='word_1_354' title='bbox 1284 2830 1361 2864; x_wconf 88' lang='lat' dir='ltr'>eius</span> <span class='ocrx_word' id='word_1_355' title='bbox 1383 2828 1669 2873; x_wconf 80' lang='lat' dir='ltr'>grammaticum</span> 
     </span>
     <span class='ocr_line' id='line_1_42' title="bbox 147 2881 1670 2930; baseline -0.003 -10"><span class='ocrx_word' id='word_1_356' title='bbox 147 2885 310 2930; x_wconf 86' lang='lat' dir='ltr'>itemque</span> <span class='ocrx_word' id='word_1_357' title='bbox 337 2899 365 2920; x_wconf 85' lang='grc' dir='ltr'>ω</span> <span class='ocrx_word' id='word_1_358' title='bbox 389 2886 554 2921; x_wconf 87' lang='lat' dir='ltr'>litteram</span> <span class='ocrx_word' id='word_1_359' title='bbox 580 2884 767 2920; x_wconf 84' lang='lat' dir='ltr'>clausulae</span> <span class='ocrx_word' id='word_1_360' title='bbox 789 2884 1056 2930; x_wconf 82' lang='lat' dir='ltr'>praescriptam</span> <span class='ocrx_word' id='word_1_361' title='bbox 1087 2883 1321 2925; x_wconf 76' lang='lat' dir='ltr'>‘catc1·vam’,</span> <span class='ocrx_word' id='word_1_362' title='bbox 1348 2893 1422 2916; x_wconf 86' lang='lat' dir='ltr'>non</span> <span class='ocrx_word' id='word_1_363' title='bbox 1452 2881 1670 2916; x_wconf 79' lang='lat' dir='ltr'>‘cantorem’</span> 
     </span>
     <span class='ocr_line' id='line_1_43' title="bbox 149 2933 1672 2984; baseline -0.003 -12"><span class='ocrx_word' id='word_1_364' title='bbox 149 2937 374 2983; x_wconf 84' lang='lat' dir='ltr'>significare:</span> <span class='ocrx_word' id='word_1_365' title='bbox 399 2949 473 2974; x_wconf 90' lang='lat' dir='ltr'>non</span> <span class='ocrx_word' id='word_1_366' title='bbox 499 2939 598 2983; x_wconf 87' lang='lat' dir='ltr'>quod</span> <span class='ocrx_word' id='word_1_367' title='bbox 624 2940 705 2974; x_wconf 89' lang='lat' dir='ltr'>tota</span> <span class='ocrx_word' id='word_1_368' title='bbox 724 2949 813 2984; x_wconf 78' lang='lat' dir='ltr'>grex</span> <span class='ocrx_word' id='word_1_369' title='bbox 834 2937 900 2972; x_wconf 86' lang='lat' dir='ltr'>has</span> <span class='ocrx_word' id='word_1_370' title='bbox 926 2937 1129 2982; x_wconf 83' lang='lat' dir='ltr'>particulas</span> <span class='ocrx_word' id='word_1_371' title='bbox 1152 2934 1461 2981; x_wconf 81' lang='lat' dir='ltr'>pronuntiaverit,</span> <span class='ocrx_word' id='word_1_372' title='bbox 1489 2934 1553 2969; x_wconf 86' lang='lat' dir='ltr'>sed</span> <span class='ocrx_word' id='word_1_373' title='bbox 1573 2933 1672 2978; x_wconf 85' lang='lat' dir='ltr'>quod</span> 
     </span>
    </p>
   </div>
   <div class='ocr_carea' id='block_1_5' title="bbox 219 2993 1389 3029">
    <p class='ocr_par' dir='ltr' id='par_1_7' title="bbox 219 2993 1389 3029">
     <span class='ocr_line' id='line_1_44' title="bbox 219 2993 1389 3029; baseline -0.001 -1"><span class='ocrx_word' id='word_1_374' title='bbox 219 3004 343 3029; x_wconf 70' lang='lat' dir='ltr'>PLAV’rx</span> <span class='ocrx_word' id='word_1_375' title='bbox 364 3003 502 3029; x_wconf 71' lang='lat' dir='ltr'>CAPTn&#39;1</span> <span class='ocrx_word' id='word_1_376' title='bbox 1365 2993 1389 3027; x_wconf 84' lang='lat' dir='ltr'>b</span> 
     </span>
    </p>
   </div>
  </div>
 </body>
</html>
