1946 3344
150 241 338 274 595—640
773 237 1021 272 APPENDIX
1584 236 1607 276 1
1616 236 1637 276 7
1646 236 1668 275 7

149 345 402 380 manufestum
427 344 627 379 homonem
654 355 722 389 ego
749 345 930 389 Berykius
952 343 1081 388 Opusc.
1101 344 1130 378 Ι
1147 347 1278 389 p.173
1305 345 1524 379 dubitanter.
1566 343 1672 377 Inter

148 410 326 442 umquam
352 401 384 432 et
407 397 525 431 ullum
553 399 642 432 (luce
666 399 701 431 A
727 398 777 442 (ἓ)
802 409 915 442 quam
939 397 1047 432 illum
1066 399 1174 434 inser.
1189 397 1401 443 Spenqclius
1417 397 1530 439 ‘Res’
1549 408 1586 441 p.
1601 399 1672 430 141

150 453 235 487 adn.
263 472 307 477 -—
334 451 414 485 uidi
437 450 598 485 tenerier
622 450 822 495 Koeplcius.

269 508 467 540 596—603.
495 504 697 538 ‘Iambieos
721 504 927 539 octonarios
944 515 1006 539 sem
1026 515 1106 538 cum
1131 505 1272 539 duobus
1297 504 1543 549 anapaesticis
1567 506 1674 548 septe-

148 559 270 594 nariis
293 558 479 602 descripsi.
533 558 666 591 Minus
696 560 786 592 recte
816 558 902 592 haec
931 560 1106 592 trac-tasse
1133 557 1405 592 Fleckeisenum
1430 561 1524 602 puto
1550 557 1673 591 Philo-

150 612 223 657 loyi
248 611 299 645 II
318 623 357 656 p.
373 614 431 646 78.
482 610 582 644 diem
604 611 752 655 corrupi
773 609 970 655 optimum,
993 611 1035 644 in
1061 611 1165 645 libris
1185 612 1309 654 posita
1335 614 1419 645 ante
1443 609 1536 644 iussi
1561 610 1675 644 delevi

149 669 191 700 ut
222 665 410 710 ylossema’
440 663 478 698 'R
508 668 697 709 praeterea
731 675 762 698 v.
797 667 864 698 596
900 662 1067 708 eorrupit
1098 675 1178 698 cum
1209 665 1377 698 omnibus
1410 667 1498 698 etv.
1525 667 1593 697 597
1619 663 1674 697 in-

149 718 288 763 spexim
315 716 408 751 meis
433 728 609 761 reponens
634 717 841 762 obloquente
871 717 1074 751 Luebberto
1107 716 1211 751 Stud.
1238 727 1388 761 qramm.
1413 716 1442 749 I
1464 727 1503 760 p.
1529 718 1587 750 43.
1614 717 1672 750 45.

150 771 289 806 Eodem
323 781 428 805 versu
461 770 524 814 qui
558 768 714 805 hocedie
751 770 932 814 Berqlcius
967 770 1096 814 Opusc.
1123 770 1151 804 Ι
1170 781 1210 814 p.
1238 773 1319 805 173.
1370 769 1434 805 Ex
1457 770 1534 803 illis
1559 769 1675 803 verbis

150 825 205 859 ita
229 825 281 858 mi
308 824 406 858 huno
432 824 627 868 optumum
652 823 764 858 hodie
790 835 821 858 v.
849 825 918 859 596
945 835 1037 858 corr.
1063 824 1241 867 Brioeius,
1272 834 1353 858 cum
1384 834 1449 858 suo
1475 823 1549 857 loco
1575 821 1674 856 diem

150 876 308 922 corrupi,
335 877 501 922 opimum
526 877 794 911 Rittersliusius
819 876 923 920 apud
947 876 1161 921 Scioppium
1188 876 1294 921 Susp.
1322 877 1396 911 lect.
1419 876 1474 909 ΙΙ
1494 878 1539 910 19
1563 875 1674 910 Bent-

150 932 308 975 leiusque
345 931 457 975 (unde
489 929 655 974 opimum
693 929 786 964 iussi
816 929 869 963 mi
900 929 1077 973 apparari
1106 928 1304 973 prandium
1339 929 1542 963 BIuellerus
1572 928 1674 963 Pros.

144 997 183 1030 p.
213 986 317 1029 617),
354 983 463 1018 Diem
497 984 662 1028 corrupit
688 984 882 1028 optumum
907 982 1066 1017 Bothius
1098 984 1263 1027 (itemque
1294 982 1506 1027 Spenqelius
1539 983 1610 1024 ita,
1636 985 1676 1014 ut

150 1038 257 1073 Diem
284 1037 451 1083 corrupit
470 1065 477 1072 .
500 1063 507 1070 .
530 1064 538 1072 .
560 1065 568 1072 .
588 1036 786 1081 prandium
813 1037 854 1071 in
878 1036 1119 1079 suspicionem
1145 1037 1276 1080 vocet),
1303 1036 1345 1070 D.
1373 1033 1522 1079 corrupi
1548 1045 1618 1080 ego
1646 1046 1680 1069 o.

150 1091 343 1136 Beryltius,
368 1091 411 1125 D.
439 1090 588 1135 corrupi
613 1090 667 1124 ita
692 1101 724 1125 ο.
755 1089 950 1125 Valzlenus.
974 1109 1019 1114 ——
1040 1090 1081 1124 V.
1097 1093 1164 1124 598
1192 1092 1223 1124 et
1249 1092 1316 1123 599
1342 1089 1490 1123 ini-ertit
1510 1088 1679 1122 Briaeius.

150 1144 336 1180 Dimetros
360 1147 446 1190 post
477 1143 697 1188 Geppertum
729 1143 978 1188 Kiesslinyius
1009 1143 1121 1178 Anal.
1153 1143 1211 1178 Pl.
1240 1153 1281 1186 p.
1308 1146 1330 1176 6
1355 1142 1484 1176 suasit.
1543 1141 1583 1176 V.
1611 1145 1677 1175 601

152 1197 271 1240 Quam
296 1199 400 1232 meae
427 1197 538 1232 hodie
564 1197 670 1232 uxori
703 1197 842 1231 abstuli
870 1198 984 1240 atque
1011 1196 1128 1231 detuli
1160 1196 1247 1230 huic
1274 1194 1402 1230 Erotio
1430 1194 1468 1228 'R
1484 1222 1492 1236 ,
1530 1195 1594 1229 ubi
1620 1195 1681 1230 ad-

150 1253 257 1286 misso
283 1252 384 1286 eoeitu
409 1250 530 1285 detuli
542 1250 671 1285 Erotio
698 1261 773 1285 non
797 1251 900 1285 modo
926 1251 1083 1285 Botlzius
1108 1250 1295 1284 senarium
1319 1249 1507 1284 constituit
1532 1252 1564 1282 et
1595 1249 1678 1282 olim

151 1305 365 1350 Spenqelius
394 1303 432 1338 T.
462 1304 518 1338 M.
545 1303 587 1338 P.
613 1314 649 1347 p.
676 1306 720 1337 11
736 1314 785 1347 sq.
819 1303 906 1345 (iam
937 1314 1042 1338 meae
1070 1314 1150 1338 cum
1178 1302 1216 1337 'R
1248 1304 1382 1336 inserto
1408 1306 1440 1335 et
1465 1301 1594 1336 Erotio
1622 1303 1679 1336 de-

151 1359 217 1393 leto
242 1359 373 1393 vitium
405 1357 620 1400 corriqens)‚
652 1357 713 1390 sed
738 1356 845 1390 etiam
879 1355 1062 1391 Vahlenus
1088 1356 1213 1391 Herm.
1243 1356 1374 1390 XVII
1388 1367 1427 1400 p.
1450 1357 1522 1389 603
1547 1356 1679 1399 impro-

153 1413 239 1447 bata
263 1410 560 1456 interpolationis
579 1410 783 1454 suspicione
808 1410 893 1444 olim
920 1410 964 1444 ab
990 1411 1069 1454 ipso
1095 1413 1191 1444 mota
1210 1413 1242 1444 et
1262 1409 1396 1443 Brioeio
1424 1409 1521 1448 (olim
1538 1407 1679 1452 Quaest.

147 1477 187 1510 p.
203 1467 249 1500 54
268 1467 494 1510 proponente
518 1462 691 1497 Placabit
715 1462 818 1507 palla
844 1474 954 1506 quam
981 1463 1121 1497 abstuli
1144 1465 1148 1506 Ι
1171 1462 1277 1497 uxori
1302 1464 1413 1506 atque
1441 1461 1487 1495 ad
1509 1472 1589 1496 eam
1618 1462 1681 1496 de-

151 1519 253 1563 tuli),
279 1518 450 1563 Berqlcio,
477 1516 680 1562 Spenqelio,
706 1516 793 1550 aliis
811 1516 984 1560 probata,
1011 1517 1096 1551 bene
1122 1528 1145 1551 a
1165 1516 1341 1560 Lanqeno
1362 1515 1465 1549 Stud.
1488 1526 1525 1558 p.
1545 1516 1617 1549 302
1630 1525 1679 1558 sq.

151 1573 314 1615 refutata
340 1574 399 1615 (eat
418 1573 527 1616 parte
552 1570 660 1604 etiam
679 1581 703 1605 a
723 1568 1005 1614 Sonnenburyio
1026 1581 1065 1613 p.
1086 1573 1132 1604 19
1162 1568 1280 1610 Quam
1308 1578 1411 1602 meae
1439 1567 1549 1602 hodie
1577 1567 1681 1601 uxori

150 1625 292 1660 abstuli
317 1628 525 1660 revocante:
549 1624 613 1668 qui
640 1626 724 1667 post
752 1622 1026 1657 Fleckeisenum
1050 1626 1142 1658 recte
1166 1623 1308 1657 monuit
1332 1634 1364 1657 v.
1393 1624 1461 1656 604
1487 1624 1608 1665 aperte
1633 1622 1684 1655 ad

151 1680 237 1714 haee
267 1679 375 1714 rerba
408 1678 453 1713 ab
484 1688 598 1713 uxore
630 1676 806 1711 exaudita
837 1676 990 1719 referri).
1043 1677 1128 1710 hinc
1149 1687 1221 1720 pro
1248 1674 1335 1709 huic
1355 1676 1450 1709 inter
1476 1675 1552 1709 alia
1578 1674 1681 1708 Win-

151 1736 250 1768 tcrus
263 1744 302 1777 p.
319 1734 377 1767 65.
420 1731 474 1774 Cf.
490 1731 611 1776 praef.
627 1751 671 1755 —
692 1729 732 1765 V.
750 1733 828 1764 603.
844 1729 946 1762 ΜΕΝ.
971 1728 1068 1763 Satis
1091 1728 1122 1763 si
1143 1729 1285 1774 sapiam
1303 1730 1550 1773 Kiesslinqius
1570 1729 1680 1764 Anal.

155 1785 215 1820 Pl.
244 1785 300 1819 II
329 1785 395 1827 (ed.
423 1796 455 1818 a.
485 1784 597 1827 1881)
619 1794 657 1827 p.
686 1782 755 1816 IV
783 1783 860 1817 coll.
891 1783 994 1817 Trin.
1023 1785 1118 1826 636,
1143 1779 1252 1817 Most.
1287 1785 1378 1817 923:
1413 1786 1451 1816 at
1477 1782 1522 1824 cf.
1550 1782 1681 1816 Pseud.

154 1841 226 1873 935
240 1849 303 1882 sq„
331 1837 434 1882 Capt.
462 1839 552 1880 446,
578 1836 624 1870 al.
683 1835 773 1870 Vide
797 1837 906 1870 etiam
932 1835 1131 1879 Berqlcium
1160 1835 1289 1880 Opuse.
1318 1837 1345 1868 I
1362 1847 1401 1879 p.
1429 1837 1513 1869 383.
1540 1834 1682 1869 Ibidem

153 1892 230 1926 MV.
258 1901 366 1925 mane
391 1891 500 1925 etiam
525 1888 835 1933 Sonneuburqius.
867 1889 1120 1933 Transpositio
1145 1888 1270 1933 potius
1298 1888 1368 1923 erit
1395 1889 1598 1924 Camerarii
1621 1893 1682 1924 est.

274 1948 342 1978 604
357 1955 429 1988 sqq.
459 1942 561 1977 ‘Post
579 1953 720 1977 versum
735 1945 808 1977 603
835 1943 1005 1977 lacunam
1027 1953 1110 1985 esse,
1134 1943 1172 1975 in
1195 1943 1245 1976 eis
1270 1946 1386 1976 autem
1414 1953 1505 1986 quac
1530 1954 1682 1987 sequun-

154 2002 215 2033 tur
235 1998 440 2043 pristinum
459 2007 627 2031 versuum
647 1996 810 2031 ordinem
830 1996 991 2040 gyrat-iter
1017 1995 1202 2029 turbatum
1216 1994 1451 2039 Ladeiciyius
1466 2007 1503 2039 p.
1520 1999 1596 2031 296
1609 2006 1680 2041 sqq.

153 2055 277 2095 sensit,
302 2052 344 2085 in
369 2051 472 2095 lonqe
491 2053 612 2084 tamen
630 2049 874 2093 paucioribus
893 2049 954 2082 ille
973 2049 1321 2092 transpositionibus
1347 2049 1572 2093 acquiescens
1599 2050 1682 2094 [sci-

155 2105 236 2139 licet
262 2107 341 2139 606.
375 2106 573 2138 609—617.
608 2106 687 2137 604.
722 2105 801 2136 605.
836 2106 916 2136 618.
953 2106 1031 2137 619.
1060 2106 1138 2137 607.
1173 2105 1250 2136 608.
1280 2102 1384 2147 620]‚
1418 2113 1524 2145 quam
1551 2103 1682 2147 quibus

154 2169 244 2203 opus
275 2168 347 2193 esse
383 2157 487 2192 nobis
524 2157 642 2191 visum
673 2159 732 2190 est.
786 2156 859 2200 Qui
890 2167 978 2200 quos
1009 2166 1149 2197 versus,
1182 2156 1325 2190 ratione
1355 2158 1395 2188 ut
1415 2159 1592 2198 putamus
1620 2157 1682 2190 im-

151 2215 320 2256 perante,
351 2211 404 2246 sic
434 2210 493 2245 uti
528 2209 667 2252 factum
699 2219 769 2243 esse
799 2209 897 2243 vides
928 2209 1180 2244 collocavimus
1212 2209 1245 2242 ei
1276 2209 1315 2241 in
1351 2208 1454 2242 libris
1479 2208 1543 2241 lzoc
1567 2218 1602 2241 se
1627 2219 1683 2242 or-

153 2265 239 2300 dine
264 2265 454 2308 eoecipiunt
479 2262 540 2309 [eze
563 2263 725 2297 numeris
750 2263 854 2305 infra
874 2262 1151 2307 praescriptis}
1177 2264 1261 2296 626.
1285 2263 1367 2296 625.
1389 2263 1470 2295 614.
1493 2265 1574 2295 007.
1598 2264 1681 2295 008.

153 2319 360 2353 615-619.
376 2319 458 2352 639.
474 2318 682 2351 620—624.
704 2318 788 2351 609.
810 2318 892 2351 610.
914 2320 995 2351 604.
1024 2318 1227 2350 (jn-013.
1250 2318 1333 2350 605.
1361 2317 1443 2349 606.
1472 2317 1682 2349 6¹27—638.

156 2374 238 2407 645.
265 2373 471 2406 640-645.
522 2369 686 2405 Frustra
705 2380 782 2404 'mea
800 2371 977 2404 sententia
998 2370 1223 2404 tralaticium
1250 2369 1411 2403 ordinem
1433 2379 1546 2412 prope
1572 2371 1683 2402 totum

156 2424 196 2459 F
199 2425 412 2460 leckeisenus
436 2423 597 2467 defendit
625 2423 809 2467 Plciloloyi
839 2422 893 2456 II
916 2434 955 2468 p.
989 2427 1061 2458 108ι
1075 2434 1146 2467 sqq.
1175 2422 1222 2468 [v.
1245 2425 1312 2455 619
1335 2424 1418 2465 post
1444 2432 1474 2455 r.
1497 2425 1564 2455 606
1590 2421 1682 2455 trai-

156 2479 280 2524 ciens}
330 2477 563 2512 Intercidisse
587 2477 661 2520 fere
686 2477 780 2511 talia
799 2481 972 2521 possunt:

230 2531 407 2573 Qnisnam
433 2530 494 2565 hio
519 2531 707 2575 loquitur?
736 2529 823 2574 quid
850 2541 919 2575 ego
945 2530 1078 2565 uideo?
1106 2540 1186 2564 meo
1215 2540 1296 2563 cum
1324 2527 1486 2572 parasito
1515 2526 1623 2560 simul

229 2585 330 2619 onr
351 2595 475 2619 eccam
502 2587 588 2619 ante
615 2584 718 2619 aedis
746 2584 897 2618 adstans
923 2583 1015 2617 mihi
1041 2582 1133 2617 facit,
1159 2579 1433 2625 remeliginem:

158 2649 249 2682 quae
262 2638 337 2672 iam
350 2638 511 2681 excipiat
529 2648 560 2672 v.
583 2639 654 2672 604
670 2637 790 2683 [622],
815 2637 880 2671 ubi
904 2646 1023 2680 nugas
1038 2634 1119 2680 agis
1142 2635 1285 2678 irrepsit
1305 2645 1330 2669 e.
1347 2645 1378 2667 v.
1401 2636 1472 2667 olo
1488 2632 1594 2678 [621]
1610 2644 1681 2677 sqq.

157 2691 356 2725 exturbans
381 2692 439 2725 set
463 2690 666 2734 conloquar
692 2691 761 2733 (vel
787 2690 929 2734 aliquid
960 2689 1105 2731 simile)’
1135 2688 1183 2722 Ἠ.
1235 2687 1296 2721 Sic
1321 2687 1437 2731 igitur
1463 2689 1558 2720 totus
1585 2687 1683 2720 loeus

154 2743 413 2788 perhibebatur
437 2743 479 2778 in
499 2744 706 2788 procedosi:

784 2801 1070 2836 MENAECHMVS

231 2867 253 2890 *
409 2866 430 2888 *
587 2866 609 2888 ια
765 2866 787 2889 *
943 2866 965 2888 *
1119 2865 1140 2888 »ε
1296 2863 1315 2886 *
1476 2864 1490 2881 2*

233 2909 365 2943 Tristis
387 2907 638 2942 admodomst:
662 2918 736 2942 non
756 2908 847 2942 mihi
868 2907 962 2941 istuc
984 2907 1074 2941 satis
1096 2906 1229 2951 placet.
1253 2905 1327 2950 [set
1341 2904 1568 2950 cenloquar]
1631 2915 1683 2939 622

162 2971 214 2997 κοί,
233 2960 313 3005 Dic,
338 2971 421 2995 mea
447 2972 547 3004 uxor,
575 2960 663 3004 quid
689 2961 760 2995 tibi
786 2963 958 3005 aegrest?

231 3027 355 3052 PnAvm
375 3027 585 3052 Mamaeum.
1360 3021 1374 3050 1
1382 3021 1400 3051 ’2
