1946 3344
804 185 1077 223 PRAEFATIO
1655 189 1704 223 IX

176 297 427 352 Euripidem
472 298 617 339 Iovem
658 297 821 340 tonitru
863 302 904 339 et
941 297 1121 339 fulmine
1160 297 1517 352 Amphitruonem
1563 298 1706 352 prohi-

176 370 345 423 buisse,
378 370 608 424 quominus
648 384 824 411 uxorem
865 369 1083 412 infidelem
1124 369 1411 411 combureret:
1449 369 1532 410 11110
1570 369 1708 424 igitur

176 441 398 495 Diphilum
433 443 627 495 spectare
662 441 811 482 voluit.
869 439 962 482 Hae
995 455 1142 482 omnes
1176 455 1279 482 sane
1307 441 1615 494 explicationes
1644 441 1703 482 ‘in

166 511 319 554 ‘vento'
359 512 546 566 scriptae
588 514 700 553 sunt.
762 511 914 566 Neque
954 512 1067 553 enim
1105 512 1149 553 in
1189 512 1284 553 loco
1316 511 1518 554 Plautino
1559 513 1704 567 agitur

174 583 223 623 de
250 585 378 624 vento
405 583 470 624 vel
490 585 767 637 tempestate,
793 583 934 638 qualis
954 583 1085 624 fuerit
1111 583 1162 623 in
1183 583 1420 624 Alcumena
1439 582 1704 639 Euripidiss),

176 668 321 695 verum
355 654 451 708 ipsa
477 654 716 696 Alcumena
748 654 904 696 dicitur
936 656 1088 697 ventus
1115 654 1265 695 fuisse:
1299 654 1451 708 quodsi
1478 658 1576 710 apte
1602 656 1703 697 dici-

173 727 262 779 tur,
299 725 408 766 nihil
442 726 684 781 significare
717 727 881 780 potest,
918 725 1003 766 nisi
1037 727 1112 767 aut
1142 740 1374 780 personam
1407 728 1481 766 aut
1512 726 1703 768 fabulam

173 797 475 852 cognominem
503 797 618 838 venti
645 797 784 838 instar
808 797 834 838 i.
855 811 888 840 0.
908 797 1203 838 turbulentam
1231 796 1571 852 dissolutamque
1598 812 1704 842 esse.

174 867 294 917 Quod
328 882 423 909 cum
458 882 507 908 ex
547 883 653 909 sana
686 870 728 909 et
759 867 947 922 simplici
978 868 1206 909 verborum
1238 867 1596 922 interpretatione
1628 884 1704 923 per

173 954 218 981 se
265 939 371 980 satis
412 941 575 980 certum
619 939 693 993 sit,
740 938 978 980 luculenter
1023 939 1200 994 insuper
1239 939 1435 980 stabilire
1473 954 1701 993 possumus

170 1009 400 1065 Eupolidis
447 1011 642 1064 exemplo
689 1010 733 1051 in
779 1009 963 1052 Bekkeri
1008 1009 1241 1052 Anecdotis
1286 1025 1326 1064 p.
1365 1011 1471 1064 401,
1498 1011 1522 1052 8
1570 1011 1701 1053 allato

171 1080 346 1137 (fragm.
362 1082 414 1123 78
425 1081 479 1122 M.
498 1079 686 1137 376K):
718 1078 881 1136 ἄνεμος
906 1079 979 1123 καὶ
1000 1078 1189 1136 ὄλεθρος
1209 1079 1329 1123 πάνυ
1349 1082 1513 1131 καινῶς
1533 1085 1702 1137 εἴρηται

170 1151 243 1194 καὶ
276 1152 483 1208 ἐναργῶς.
541 1154 632 1195 ἔστι
665 1151 713 1195 δὲ
744 1150 1010 1203 Εὐπόλιδος.
1066 1150 1115 1195 τὸ
1148 1150 1229 1207 μὲν
1261 1149 1345 1208 γὰρ
1379 1150 1541 1207 ἄνεμος
1574 1155 1706 1208 δηλοῖ

169 1220 249 1266 τὸν
294 1225 523 1279 πανταχοῦ
567 1222 819 1280 φερόμενον
859 1222 1029 1279 ἀνέμου
1069 1224 1198 1278 δίκην
1242 1223 1315 1266 καὶ
1359 1221 1590 1279 ἀλώμενον
1629 1224 1701 1266 καὶ

170 1292 395 1350 ἀβέβαιον.
458 1296 610 1351 Itaque
652 1296 762 1338 nihil
802 1311 852 1338 ex
885 1296 1083 1338 Rudente
1123 1296 1173 1337 de
1213 1310 1368 1338 scaena
1401 1297 1543 1351 aliqua
1574 1293 1701 1338 Alcu-

170 1381 320 1409 menae
357 1366 618 1422 Euripideae
657 1367 963 1423 comperimus,
1012 1367 1084 1409 sed
1122 1367 1326 1409 iudicium
1366 1368 1574 1409 habemus
1614 1384 1699 1410 non

169 1438 407 1493 inficetum,
453 1441 497 1480 at
533 1439 897 1495 frigidiusculum,
943 1439 993 1481 de
1031 1438 1237 1493 Euripide
1278 1439 1405 1481 solito
1446 1454 1564 1481 more
1610 1455 1699 1482 11111-

168 1510 317 1552 lierem
357 1510 571 1552 infidelem
608 1525 684 1565 per
728 1510 920 1552 fabulam
961 1510 1234 1552 detrectante.
1305 1510 1397 1560 Quo
1444 1512 1600 1553 certius
1647 1512 1699 1553 ad

168 1581 394 1636 Diphilum
433 1581 658 1637 ipsamque
698 1582 1048 1624 consuetudinem
1087 1582 1245 1624 criseos
1279 1582 1472 1637 poeticae
1505 1597 1580 1636 per
1613 1598 1698 1624 me-

171 1653 286 1694 diam
319 1654 505 1695 maxime
538 1653 804 1695 comoediam
837 1656 1125 1708 propagatam
1152 1653 1266 1695 hunc
1292 1654 1433 1695 locum
1460 1655 1699 1710 referimus,

173 1739 298 1780 quem
338 1727 386 1766 ut
416 1725 508 1780 ipse
541 1725 711 1779 quidem
744 1724 924 1766 Plautus
957 1724 1254 1766 transferendo
1289 1725 1394 1766 satis
1427 1725 1699 1781 intellexerit,

169 1811 218 1837 ex
246 1797 564 1850 spectatoribus
592 1798 704 1838 certe
731 1810 968 1851 perpaucos
994 1797 1235 1851 percepisse
1262 1797 1512 1838 censuerim.
1563 1796 1697 1838 Simul

169 1870 312 1909 autem
350 1868 430 1910 hac
471 1868 640 1910 ratione
680 1868 788 1909 alius
822 1883 941 1910 error
979 1868 1248 1923 profligatur.
1311 1867 1424 1909 Nam
1470 1883 1565 1910 cum
1598 1872 1699 1923 post

170 1939 500 1981 Taubmannum
525 1939 765 1994 Koepkius,
798 1938 1113 1995 Visseringius,
1146 1940 1218 1981 alii
1247 1939 1547 1981 contenderint
1573 1939 1698 1982 Euri-

168 2011 279 2065 pidis
312 2010 582 2066 tragoediam
616 2011 675 2053 sic
709 2011 880 2052 demum
912 2010 1113 2052 Plautum
1148 2026 1386 2054 memorare
1418 2011 1628 2066 potuisse,
1662 2012 1697 2053 si

168 2096 244 2136 per
276 2081 464 2123 Ennium
503 2083 664 2137 populo
703 2082 899 2125 Romano
939 2083 1193 2138 innotuerit,
1232 2083 1405 2138 longius
1443 2096 1696 2137 progressus

168 2153 381 2207 Bergkius
415 2151 588 2210 (Opusc.
622 2154 641 2195 Ι
680 2169 720 2209 p.
753 2154 839 2196 224
855 2152 935 2210 sq.)
975 2154 1080 2195 duas
1119 2154 1205 2196 iam
1244 2155 1321 2196 illa
1360 2157 1503 2196 aetate
1535 2154 1697 2196 Romae

169 2224 363 2267 extitisse
401 2225 647 2280 tragoedias
687 2225 736 2267 de
769 2225 1009 2268 Alcumena
1049 2226 1301 2281 affirmavit,
1343 2240 1521 2280 quarum
1561 2227 1697 2268 altera

169 2310 217 2336 ex
250 2295 456 2350 Euripide
490 2294 563 2353 (ab
596 2295 757 2353 Ennio)
798 2297 936 2339 altera
964 2313 1012 2339 ex
1045 2297 1150 2339 Ione
1183 2298 1249 2339 vel
1280 2294 1599 2352 Astydamante
1631 2299 1697 2338 vel

172 2366 256 2407 alio
285 2364 330 2422 (a
350 2365 473 2408 Livio
504 2367 691 2409 fortasse
719 2371 793 2409 aut
812 2366 1000 2424 Naevio)
1029 2383 1236 2410 conversa
1262 2369 1409 2411 fuerit:
1442 2369 1540 2411 inde
1566 2369 1697 2424 igitur

168 2439 365 2491 repetens
380 2436 579 2493 Euripidi
600 2440 846 2495 genetivum
869 2439 1062 2482 additum
1083 2455 1133 2482 ex
1152 2441 1476 2495 comparatione
1496 2440 1696 2482 cAchillis

170 2508 429 2550 Aristarchi'
464 2525 642 2552 acumen
675 2512 760 2553 loci
792 2510 981 2566 Diphilei
1014 2513 1141 2566 plane
1175 2512 1346 2554 delevit,

287 2579 471 2623 Omnino
511 2584 655 2623 autem
696 2582 800 2624 satis
839 2582 1022 2624 fideliter
1054 2582 1221 2637 Diphili
1264 2583 1449 2639 vestigia
1487 2582 1694 2637 pressisse

261 2725 294 2771 ³²)
321 2726 451 2772 Itaque
478 2727 621 2772 aliquid
647 2729 779 2763 saltem
805 2729 982 2765 Bai-thius
1008 2730 1124 2765 sensit
1150 2730 1187 2764 in
1213 2730 1420 2765 mutatione
1446 2739 1572 2763 versus
1594 2727 1693 2762 illius

169 2780 358 2825 ceteroqui
384 2792 558 2826 perversa
585 2781 752 2827 (Advcrs.
780 2782 864 2817 XVI
891 2788 934 2818 32
962 2796 995 2828 p.
1024 2785 1124 2828 855):

451 2834 534 2869 Non
560 2837 691 2870 uentus
720 2836 790 2870 fuit
816 2837 947 2871 uentus
976 2837 1200 2871 Alcumenae
1228 2834 1397 2879 Euripidi

170 2886 267 2920 ‘cum
293 2887 364 2922 hoc
390 2890 626 2932 comparatus
652 2888 826 2933 indignus
847 2890 949 2923 venti
976 2890 1123 2924 nominc
1151 2888 1221 2923 suit
1246 2887 1327 2931 illc,
1347 2888 1409 2932 qui
1431 2887 1466 2921 111
1488 2887 1692 2923 Alcumena

169 2940 274 2975 tanto
301 2939 445 2975 ambitu
469 2942 665 2977 verborum
692 2942 979 2987 praepingitur’.
