1946 3344
178 218 366 252 841-854
819 217 1067 253 APPENDIX
1620 220 1702 261 193

177 324 460 368 Kampmannus
485 324 528 358 cle
547 324 619 358 reb.
646 325 720 359 mil.
742 324 799 360 Pl.
817 336 855 369 p.
876 328 939 369 27,
963 325 1029 360 ubi
1048 325 1198 361 oraculo
1225 337 1304 361 cum
1331 327 1368 361 B
1392 327 1462 370 def.
1490 326 1704 374 Spenqelius

179 377 220 412 T.
250 378 306 411 M.
337 378 380 412 P.
401 389 444 422 p.
472 380 544 412 184
569 378 761 413 dubitante
793 379 902 413 etiam
925 379 1103 424 Lanqeno
1131 379 1279 414 ‘Baton’
1303 392 1340 425 p.
1370 384 1392 415 7
1417 381 1503 416 adn.
1530 391 1626 415 nunc
1653 381 1703 415 mi

177 441 221 465 ex
247 430 371 466 oraclo
404 430 612 475 Waqnerus
638 431 717 475 (ubi
742 442 838 465 nunc
864 431 1000 476 Apollo
1026 433 1278 468 collocandum
1304 435 1406 479 erat).

294 487 374 518 842.
400 483 502 518 illice
529 484 687 519 Botlzius
712 485 809 519 olim.
836 505 878 510 —
907 485 1002 519 Fuit
1034 486 1099 529 qui
1123 486 1166 520 de
1197 485 1432 531 lampadibus
1459 486 1703 521 candentibus

174 537 357 582 coyitaret.
389 536 576 581 lampadis
609 548 689 571 cum
726 537 765 571 F
768 538 957 572 leekeiseno
985 539 1119 582 probat
1148 539 1390 575 Buechelerus
1421 541 1464 575 de
1489 540 1574 575 decl.
1595 551 1635 584 p.
1663 542 1686 574 6
1693 554 1704 574 :

175 589 268 625 aade
294 588 332 623 {R
360 589 491 634 Opusc.
514 590 570 624 II
588 601 626 634 p.
649 593 722 625 636
747 591 847 634 adn„
876 591 1093 626 Muellerum
1120 592 1226 627 Pros.
1248 604 1287 637 p.
1315 595 1362 628 53
1374 604 1461 638 sqq,
1486 593 1704 628 Koehlerum

174 644 217 677 ole
241 644 352 678 trech.
379 647 513 688 septen.
543 643 604 677 Pl.
625 655 663 688 p.
691 646 724 686 4,
752 645 854 679 alios.

228 704 237 723 12
293 700 362 732 843
376 707 448 742 sqq.
489 707 642 732 exurere
677 698 785 732 etiam
818 698 919 733 codol.
952 698 1125 744 Pyladis:
1163 700 1327 745 idemque
1360 700 1481 735 ‘alibi’
1519 700 1704 744 adscripto

174 750 266 785 Pius
289 751 407 794 affert.
457 751 515 785 De
539 752 812 796 insequentibus
849 754 895 794 ef.
922 752 970 786 ad
994 763 1026 786 v.
1053 753 1126 787 829
1139 763 1211 797 sqq.
1234 774 1277 778 —
1312 753 1353 787 V.
1381 756 1450 788 844
1476 753 1518 787 de
1542 752 1632 787 heus
1657 753 1704 795 ef.

175 804 371 839 Handium
399 804 507 840 Turs.
535 804 616 838 III
632 815 672 849 p.
700 807 756 840 74.
816 805 934 840 Verba
961 804 1057 846 Quid
1091 806 1236 851 agimus
1263 807 1350 842 Seni
1376 806 1549 851 adiunqit
1578 805 1702 841 Vssin-

172 858 274 902 qius,
306 862 433 893 eontra
458 870 488 892 r.
518 861 586 892 845
601 869 650 902 sq.
693 859 893 894 Matronae
922 859 1052 893 tribuit
1087 860 1307 896 Ribbeck-ius
1336 871 1372 904 p.
1400 861 1471 894 545
1485 870 1553 903 sq..·
1586 862 1625 894 at
1657 859 1703 902 ef.

174 910 374 956 Lanyenus
399 911 506 946 Stucl.
535 911 595 945 Pl.
618 923 656 955 p.
683 914 755 946 154
767 923 816 956 sq.

237 993 239 995 .
293 968 362 1000 846
375 976 426 1010 sq.
452 964 528 1001 ΜΕ.
556 963 718 1010 amplius
739 964 838 999 enim
858 976 947 1000 uero
967 964 1037 1000 nisi
1056 968 1068 1010 ΙΙ
1089 965 1238 1010 Occupo
1261 965 1502 1001 Camerarius,
1530 965 1702 1010 amplius.

172 1016 249 1053 ΜΕ.
277 1017 477 1054 Enimuero
504 1017 574 1053 nisi
593 1020 605 1063 ΙΙ
626 1017 776 1063 Occupo
803 1018 999 1053 Acidalius
1028 1019 1138 1064 ‘quod
1162 1020 1293 1063 fraudi
1316 1019 1391 1062 fuit
1410 1018 1567 1054 Handio
1595 1019 1627 1052 T
1628 1029 1704 1053 urs.

170 1070 240 1105 IV
255 1083 295 1116 p.
323 1072 423 1108 193?
477 1071 649 1117 amplius.
677 1072 752 1106 ME.
780 1071 895 1115 Hem,
922 1071 998 1106 iam
1025 1083 1118 1116 reor,
1139 1075 1151 1117 ΙΙ
1170 1073 1220 1107 Ni
1245 1083 1384 1116 occupo
1412 1070 1470 1115 R,
1508 1072 1573 1106 ubi
1598 1072 1706 1106 Nunc

173 1124 309 1160 haereo
334 1124 494 1160 Brioeius
520 1126 617 1168 olim,
643 1124 754 1159 Enim
780 1125 915 1159 haereo
942 1125 1132 1172 Vssinqius
1146 1127 1195 1162 ad
1208 1127 1294 1162 Aul.
1316 1128 1389 1161 492
1417 1125 1507 1170 (iam
1528 1125 1577 1160 ad
1598 1125 1705 1159 Enim

171 1179 378 1223 periculum
404 1182 461 1214 est
486 1180 698 1223 aberrans),
726 1178 825 1221 Quid
851 1179 948 1213 enim
975 1179 1110 1215 haereo
1145 1180 1341 1221 Vahlenus,
1368 1178 1475 1212 Enim
1503 1189 1590 1213 uero
1617 1178 1704 1213 hae-

170 1243 233 1267 reo
270 1235 394 1277 (antea
429 1232 588 1278 amplius
624 1231 712 1276 quid
750 1232 869 1268 faciat
904 1234 1090 1278 traiciens)
1127 1233 1266 1268 Onions
1299 1244 1347 1277 p„
1368 1234 1432 1275 71,
1464 1230 1574 1265 Enim
1607 1230 1703 1265 serio

171 1286 264 1330 (coll.
284 1285 395 1321 Poen.
417 1287 503 1331 435)
523 1285 744 1321 Ribbeckius
757 1297 797 1331 p.
820 1289 902 1322 546.
954 1287 1006 1322 At
1031 1287 1177 1332 aliquid
1202 1286 1491 1331 respondendum
1518 1288 1597 1319 erat
1618 1284 1704 1318 Ma-

169 1338 298 1374 tronae
318 1343 403 1384 post
429 1338 543 1382 Quid,
581 1338 613 1372 si
641 1350 709 1384 ego
735 1350 847 1384 neque
878 1341 1079 1384 quidquam
1104 1341 1333 1375 desideratur
1359 1343 1442 1373 ante
1466 1336 1516 1371 Ni
1543 1348 1705 1382 occupo:

170 1393 278 1427 immo
303 1394 336 1427 si
355 1393 451 1427 velut
477 1391 576 1426 enim
602 1393 738 1428 haereo
761 1394 969 1437 praemittis
995 1393 1223 1428 desideratur
1237 1391 1332 1427 Nam
1362 1392 1421 1436 (cf.
1438 1391 1705 1436 Bruymannus

171 1446 214 1481 de
239 1453 285 1478 NI
300 1447 437 1491 partic.
459 1457 500 1490 p.
526 1448 575 1491 4).
602 1467 646 1472 —
673 1446 735 1481 Acl
767 1445 909 1491 aliquid
941 1447 986 1489 ef.
1023 1446 1297 1481 Studemundus
1333 1446 1380 1479 ad
1417 1443 1555 1478 Vidul.2
1576 1455 1615 1488 p.
1643 1447 1704 1479 52.

173 1499 298 1534 Possis
323 1499 468 1544 aliquid
487 1498 620 1534 consili
645 1499 748 1543 mihi,
776 1500 814 1534 hi
835 1500 1038 1545 (occupabo
1061 1498 1203 1544 aliquid
1224 1499 1317 1533 mihi
1345 1497 1480 1533 consili
1506 1498 1601 1532 inter
1627 1498 1706 1532 alia

172 1553 378 1589 Illuellerus
404 1553 506 1588 Pras.
523 1565 562 1598 p.
585 1556 668 1588 557.
690 1555 788 1598 730).
817 1573 862 1578 -—
888 1553 927 1586 hi
954 1564 1012 1588 me
1039 1553 1190 1588 domum
1219 1552 1267 1587 ad
1293 1563 1373 1587 sese
1388 1551 1562 1586 Botliius:
1591 1550 1706 1586 ‘haud

169 1607 243 1642 seio
270 1619 320 1642 an
346 1607 439 1642 vere’
468 1605 516 1641 R

289 1663 358 1696 848
371 1671 422 1706 sq.
449 1671 508 1695 me
545 1661 653 1694 uotas
689 1659 728 1694 in
758 1671 837 1695 cum
872 1662 907 1695 B
939 1661 1090 1696 Pareus.
1129 1671 1214 1695 men
1245 1661 1354 1695 notas
1386 1658 1425 1693 in
1458 1660 1496 1694 R
1522 1658 1706 1701 refutante

171 1713 362 1759 Kaempfio
383 1715 425 1749 de
439 1725 548 1759 pron.
566 1725 604 1759 p.
625 1716 682 1748 43.
711 1734 755 1738 —
781 1726 840 1749 me
867 1714 1032 1749 uetastin
1057 1714 1168 1749 huius
1196 1714 1250 1748 ori
1270 1714 1437 1749 Bothius.
1466 1733 1508 1736 —
1535 1711 1704 1757 parcere]

168 1778 321 1812 pascere
347 1769 401 1802 vel
421 1778 607 1813 spargere,
633 1771 667 1802 et
686 1772 797 1803 antea
818 1767 979 1813 Pugnos,
1005 1770 1156 1814 quidam
1182 1767 1284 1812 apud
1310 1767 1535 1802 Acidalium.
1569 1766 1705 1810 imper—

168 1831 249 1857 cere
271 1822 469 1866 adscripsit
482 1821 657 1866 Scaliyer.
710 1821 874 1856 Ceterum
899 1833 1064 1867 parcere,
1090 1821 1140 1856 Ni
1163 1850 1169 1856 .
1196 1850 1201 1855 .
1224 1850 1230 1856 .
1253 1850 1259 1856 .
1284 1824 1455 1855 crucem?
1483 1819 1632 1854 Faciam
1653 1818 1703 1862 R,

126 1884 130 1886 ’
167 1879 346 1919 parcere?
371 1874 421 1909 Ni
443 1903 450 1910 .
474 1903 480 1909 .
503 1903 509 1910 .
533 1885 689 1918 crucem,
710 1874 862 1909 Faciam
881 1876 1001 1920 villqo,
1020 1886 1185 1920 parcere.
1208 1874 1257 1909 Ni
1277 1904 1284 1911 .
1308 1903 1314 1909 .
1337 1902 1343 1908 .
1367 1883 1526 1916 crucem,
1553 1872 1704 1906 Faciam

171 1928 351 1964 Ha'nclius
379 1929 412 1962 T
412 1939 486 1963 urs.
509 1928 576 1963 IV
594 1931 736 1973 p.193:
763 1929 807 1971 cf.
838 1929 1104 1974 Bruqmannus
1124 1940 1162 1973 p.
1182 1932 1212 1963 7.
1251 1949 1292 1953 ——
1327 1927 1377 1961 Ni
1403 1939 1425 1961 a
1451 1927 1543 1961 meis
1576 1925 1704 1961 Vahle-

173 1994 244 2018 nus
264 1994 357 2027 prae
384 1983 555 2018 litterulis
573 1983 762 2027 neqleqens
786 1993 998 2017 sermonem:
1024 1993 1109 2017 nam
1131 1981 1292 2017 abscede
1315 1993 1337 2016 a
1357 1992 1414 2015 me
1440 1984 1532 2016 recte
1557 1980 1706 2022 (licitur,

170 2048 192 2071 a
217 2035 310 2072 meis
336 2036 454 2072 oculis
480 2047 524 2071 ne
548 2037 739 2071 insaniens
773 2036 917 2081 quidem
942 2037 1035 2071 dicct
1061 2037 1121 2080 (es.
1149 2037 1181 2071 si
1207 2036 1305 2070 tanti
1329 2039 1380 2070 est
1404 2035 1705 2078 Kampmannum

169 2091 212 2126 de
238 2098 287 2122 AB
309 2100 476 2136 praepos.
498 2101 537 2135 p.
559 2093 607 2125 21
622 2101 694 2135 sqq.
721 2093 752 2124 et
773 2091 816 2124 cle
842 2097 894 2121 EX
911 2100 1041 2134 praep.
1061 2101 1096 2134 p.
1120 2091 1190 2133 13).
1224 2111 1263 2114 -
1294 2088 1472 2123 abscedat
1491 2097 1703 2121 maxumam

168 2142 207 2177 in
233 2144 372 2178 malam
398 2155 544 2179 crucem
572 2141 610 2176 R
635 2145 786 2188 itemque
811 2143 995 2178 Luchsius
1026 2144 1068 2177 in
1094 2143 1254 2177 Studem.
1283 2142 1386 2176 Stud.
1416 2142 1444 2174 I
1466 2152 1505 2185 p.
1532 2143 1600 2184 20,
1630 2142 1706 2175 nisi

169 2198 267 2242 quod
291 2196 331 2232 in
356 2197 449 2233 delet
467 2197 651 2242 probante
676 2196 927 2232 Stuclemunclo
954 2196 1002 2230 acl
1034 2195 1173 2230 Viclul.‘·'
1197 2207 1233 2239 p.
1256 2198 1313 2229 50.
1367 2193 1437 2228 Secl
1462 2197 1503 2227 ut
1529 2194 1704 2228 librorum

168 2252 340 2286 memoria
364 2254 456 2286 recte
481 2251 728 2296 improbatur,
766 2251 820 2285 ita
846 2261 921 2285 non
946 2252 996 2283 est
1034 2249 1129 2293 quocl
1154 2258 1331 2293 magnam
1360 2258 1504 2282 crucem
1531 2248 1704 2291 improbe-

168 2315 248 2340 mus
282 2308 315 2340 et
348 2305 492 2340 ratione
510 2315 649 2349 parum
674 2304 863 2349 probabili
889 2302 1131 2346 corriqamus:
1164 2302 1208 2344 ef.
1238 2301 1346 2336 Stich.
1376 2303 1474 2343 625,
1513 2301 1577 2335 ubi
1604 2312 1702 2335 sum-

176 2369 275 2393 mam
302 2368 448 2394 crucem
474 2361 590 2393 exstat
616 2358 698 2392 item
723 2358 972 2402 sinqulariter.

297 2415 376 2447 851.
404 2411 537 2446 amabo
563 2413 617 2454 te,
645 2411 802 2446 adserua
826 2410 992 2445 Bothius.
1027 2410 1178 2453 amabo,
1205 2410 1246 2443 tu
1273 2408 1430 2442 adserna
1456 2409 1523 2453 (vel
1549 2408 1706 2442 adserua

178 2465 239 2500 hic
263 2466 318 2500 vel
343 2465 554 2509 adseruato)
589 2464 793 2499 Muellerus
828 2464 930 2498 Pros.
959 2476 995 2507 p.
1026 2467 1098 2498 577
1111 2474 1159 2508 sq.
1213 2462 1374 2496 Ceterum
1406 2473 1436 2495 v.
1464 2465 1532 2495 852
1566 2462 1704 2503 dubito,

176 2529 265 2553 num
285 2529 353 2564 per
378 2518 489 2553 audio
510 2521 637 2562 poetae
661 2529 792 2553 manus
816 2518 985 2552 restituta
1009 2517 1067 2551 sit.

297 2574 376 2607 853.
403 2583 426 2606 a
450 2581 510 2606 me
536 2571 662 2606 amoni
681 2582 762 2606 cum
781 2571 914 2605 Bothio
933 2570 971 2604 R
1000 2570 1088 2605 ‘nisi
1114 2570 1199 2605 hinc
1218 2569 1345 2604 males.-
1372 2571 1477 2612 atque
1501 2568 1555 2602 ita
1575 2567 1702 2602 Fleck-

177 2625 342 2661 eisenus.’
383 2636 478 2659 nunc
497 2625 656 2660 iterabat
678 2624 866 2659 Gruterus.
918 2635 1015 2658 nunc
1040 2622 1139 2657 hunc
1166 2634 1235 2668 ego
1261 2622 1441 2667 perimam
1469 2620 1582 2655 ‘vetus
1607 2620 1698 2655 coel-³

178 2679 355 2714 Acidalii.
388 2689 482 2713 nunc
515 2679 614 2713 hunc
644 2679 771 2723 petam
806 2677 1006 2722 Vssinqius.
1035 2697 1078 2702 —
1105 2677 1203 2711 hunc
1228 2676 1373 2710 hircum
1399 2674 1701 2718 impurissumum

181 2733 373 2767 Palmerus
392 2732 580 2767 Hermatlz.
610 2731 693 2765 VII
706 2743 743 2776 p.
768 2734 834 2765 141
850 2743 899 2776 sq.
926 2730 1023 2765 hunc
1049 2729 1395 2775 impuratissumum
1425 2727 1562 2762 Onions
1586 2737 1620 2769 p.
1645 2727 1701 2759 71.

181 2785 341 2821 Ceterum
366 2787 457 2830 puta
487 2789 547 2820 me
573 2797 596 2820 a
623 2785 691 2820 Dcl
722 2786 806 2820 huic
838 2785 957 2819 versui
983 2785 1225 2828 adscriptum,
1252 2786 1293 2816 ut
1321 2782 1412 2823 vid,
1450 2781 1634 2824 intellegas
1660 2780 1702 2814 dc

176 2840 251 2875 loco
278 2838 549 2883 Me(naechmo)
576 2839 775 2874 tribuendo.

298 2896 377 2927 854.
405 2891 580 2926 Titanum
608 2891 718 2926 Caelo
744 2894 969 2936 prognatum
998 2890 1207 2925 ‘nonnullos
1232 2889 1342 2933 leqere
1367 2887 1466 2921 velle'
1497 2886 1702 2921 Lambinus

179 2949 329 2980 narrat.-
364 2956 443 2980 cum
475 2945 658 2980 Saracena
689 2946 831 2980 scilicet.
884 2944 1059 2978 Titanum
1090 2943 1159 2986 def.
1193 2942 1300 2976 etiam
1326 2940 1531 2985 Koeniqius
1557 2940 1700 2984 Quae-st.

248 3011 373 3037 PnAv‘n
392 3011 600 3037 Mnxmcmn.
1377 3004 1416 3034 13
