1946 3344
791 196 1066 233 PRAEFATIO
1597 193 1699 229 XXV

288 310 341 354 V.
373 309 626 352 258—288:
663 332 710 338 —
748 310 1000 361 expetessuut
1027 331 1076 336 -
1105 306 1301 349 excitauit
1320 329 1372 335 —-
1391 307 1618 358 yrauatam
1645 328 1699 334 —

167 384 351 426 iubemus
388 385 424 423 te
460 405 518 410 —-
557 378 714 438 (puelle
750 376 822 436 —)
860 393 934 422 uos
976 402 1026 410 —
1065 379 1236 420 aestuas
1268 402 1323 407 ——
1358 378 1439 419 loeo
1476 399 1523 406 —-
1559 389 1702 418 sumus

170 478 221 485 —
251 453 434 512 ceruleas
459 477 516 481 —
543 455 632 494 erat
654 476 702 481 —
728 451 784 493 ad
801 450 873 492 hoc
891 474 949 480 -—-
968 450 1067 492 solet
1093 473 1143 479 —
1174 451 1329 492 obsecro
1360 473 1406 477 —
1436 448 1608 490 uoluisti
1626 447 1703 488 hue

166 550 225 556 —
256 538 377 577 opum
406 548 456 554 —
485 536 628 565 sumus
654 547 709 553 ——
736 535 812 565 uos
838 545 892 551 —-
919 522 1109 564 misereat
1132 546 1178 551 —
1198 525 1356 574 parata
1382 524 1440 562 est
1457 508 1559 573 -ᾇ
1584 521 1706 572 quast

167 622 224 627 —
255 596 400 638 ambae
432 620 486 625 ——
519 595 775 646 feminarum
808 616 863 622 —-
888 593 1054 647 puellae
1086 617 1144 622 -—
1174 593 1337 634 seruiuo
1371 615 1426 621 —-
1458 591 1614 632 Fateor
1647 614 1701 618 —

169 666 297 725 (clueo
328 664 405 723 —-)
437 667 592 709 ualebit
623 689 676 695 —
709 665 902 707 honorem
934 689 990 694 —
1025 662 1252 720 Oportetss).

291 739 344 781 V.
377 737 632 781 664—681:
667 760 716 765 —-
753 749 876 790 opum
912 759 960 765 —-
997 738 1102 776 tenet
1134 759 1184 764 -
1219 734 1373 786 afferat
1401 758 1460 764 —
1487 748 1703 788 persequa-

168 825 263 853 mur
302 835 356 840 —
388 810 532 851 ambae
565 832 615 837 ——
650 807 813 849 iniuria
847 830 896 836 -
931 806 1026 848 hero
1065 830 1120 835 —-—
1151 806 1363 859 praeoipes
1394 830 1453 835 -
1484 806 1615 847 modis
1651 829 1699 834 —

169 896 246 925 sua
277 907 335 911 —
365 884 531 923 nostrae
561 903 619 908 —
650 879 697 920 iu
733 878 859 920 malis
890 902 945 907 —
978 879 1150 920 oratiost
1190 902 1240 907 —
1279 877 1361 930 Qui
1397 880 1517 920 uocat
1551 901 1598 906 —
1634 877 1706 929 qui

171 956 293 996 uocat
324 977 379 982 —
411 952 510 994 scies
543 974 598 980 —
631 950 772 992 auimo
803 963 844 991 es
879 973 927 979 —
963 949 1171 1002 opprimat
1207 973 1255 978 —-
1290 949 1431 1004 inepta
1462 963 1513 991 es.

290 1022 342 1066 V.
374 1022 641 1065 906—927:
675 1022 837 1073 qratias
867 1045 922 1050 -
946 1021 1191 1075 pisculentis
1225 1043 1273 1050 —-
1316 1021 1523 1075 expediuit
1557 1044 1609 1050 —
1640 1019 1705 1061 ho-

170 1091 333 1139 nestum
374 1118 424 1124 -
465 1094 661 1147 fluctuoso
697 1116 756 1123 ——
793 1088 1028 1146 competiuz't
1057 1116 1115 1122 —
1146 1092 1250 1134 mihi
1282 1117 1337 1122 —
1376 1094 1510 1134 euenit
1540 1116 1595 1121 —
1627 1095 1707 1132 rete

174 1191 229 1198 ——
261 1166 452 1210 exurreoei
484 1189 539 1195 —
572 1165 699 1219 quieti
727 1189 777 1195 —
806 1165 986 1218 expetiui
1014 1188 1064 1194 —-
1093 1165 1336 1207 senteutiam
1359 1189 1408 1194 —-
1431 1165 1559 1206 nimis
1590 1163 1707 1204 homo

173 1263 229 1269 —
267 1253 336 1293 eyo
377 1238 485 1279 male
526 1261 576 1267 —-
616 1236 757 1290 officia
797 1260 846 1265 —
889 1237 1052 1278 suscitet
1090 1236 1273 1289 officium
1314 1260 1364 1266 —-
1405 1237 1616 1289 quieseunt
1655 1257 1703 1263 -

173 1308 265 1367 (fui
299 1334 348 1339 —
384 1310 484 1351 siem
510 1306 587 1365 —)
619 1308 732 1350 mari
762 1307 958 1361 quioquid
981 1308 1088 1350 inest
1109 1331 1158 1336 —
1182 1309 1420 1350 instaurum
1437 1307 1503 1350 hic
1526 1331 1575 1337 —
1598 1307 1710 1348 ullus

173 1381 291 1424 homo
323 1406 378 1411 —
403 1367 539 1435 prae?
557 1384 602 1423 te.

292 1452 346 1495 V.
379 1452 646 1495 938—963:
685 1476 733 1481 —-
775 1451 927 1506 eoplieo
958 1475 1017 1481 ——-
1049 1451 1165 1494 bonis
1195 1452 1304 1505 quod
1336 1475 1387 1482 -
1421 1452 1510 1495 heri
1537 1452 1622 1505 fuit
1652 1475 1707 1481 —

167 1524 349 1579 postules
382 1549 438 1553 —
460 1537 565 1577 pecu
597 1547 653 1553 —-
684 1523 872 1577 indiyens
903 1547 959 1553 —
992 1537 1114 1565 mane
1143 1546 1203 1552 —
1228 1524 1330 1565 audi
1355 1548 1410 1553 —
1436 1524 1537 1577 quid
1559 1524 1627 1565 uis
1653 1548 1710 1554 —

175 1610 352 1638 narrare
382 1595 474 1637 uolo
513 1620 568 1624 —
600 1608 730 1649 prope
767 1608 841 1637 uos
874 1618 928 1624 —
960 1595 1110 1638 seilicet
1144 1619 1193 1624 —-
1228 1595 1332 1637 mihi
1362 1599 1420 1638 est
1452 1620 1504 1625 —
1539 1599 1624 1638 tace
1652 1620 1711 1625 —«

173 1669 262 1722 fore
292 1668 469 1721 infidum
502 1691 557 1696 --
590 1667 691 1708 audi
723 1690 776 1696 —
809 1666 933 1719 fiebat
963 1690 1018 1696 —
1050 1666 1122 1709 hoc
1140 1670 1263 1721 pacto
1297 1691 1352 1696 —
1382 1667 1540 1719 factum
1571 1670 1630 1709 est
1656 1691 1708 1696 ——

177 1739 400 1782 dimidium
433 1762 487 1768 -—
517 1739 675 1791 faciam
718 1761 767 1767 ——
809 1738 1018 1792 respondit
1060 1762 1107 1768 -
1143 1739 1239 1780 dari
1275 1738 1380 1780 mihi
1420 1762 1469 1768 —
1510 1739 1624 1780 dieas
1656 1763 1709 1768 —-

178 1811 360 1865 amplius
395 1835 444 1840 —
480 1823 615 1853 censeo
653 1834 699 1839 —
734 1810 892 1862 faciam
916 1834 963 1838 —
988 1810 1045 1851 ad
1074 1813 1110 1852 te
1133 1834 1181 1839 —-
1204 1811 1410 1852 ouiusuest
1432 1834 1481 1839 ——-
1507 1809 1618 1862 Quid
1640 1813 1710 1852 est.

299 1880 499 1924 Ceterum
531 1884 578 1923 ut
610 1895 738 1936 supra
770 1878 830 1937 (p.
856 1879 1001 1922 XXIV
1024 1879 1139 1937 adn.)
1172 1897 1210 1923 v.
1246 1881 1388 1923 196B
1420 1896 1498 1937 pro
1521 1882 1712 1935 parentis

180 1954 336 1996 sceleste
366 1953 527 1995 habere
564 1953 721 1995 sceleste
742 1953 934 2006 parentis
966 1952 1125 2004 addidi,
1166 1968 1274 2007 quae
1308 1953 1530 1995 adnotatio
1562 1954 1606 1994 in
1640 1968 1710 2007 ap-

180 2027 335 2080 paratu
380 2024 612 2079 exciderat,
656 2024 719 2066 ita
763 2024 808 2065 in
853 2023 1131 2066 adnotatione
1177 2025 1229 2066 ad
1267 2040 1304 2067 v.
1348 2025 1431 2067 728
1472 2025 1712 2067 addendum

182 2099 275 2138 erat
306 2095 374 2137 Do
406 2096 480 2137 tibi
511 2093 643 2151 (quod
677 2110 729 2137 ex
754 2095 796 2136 A
823 2093 1119 2152 enotaveram)
1145 2095 1378 2138 BGDFZ
1397 2096 1569 2139 habere,
1607 2096 1712 2138 Gra-

185 2167 280 2209 vius
312 2166 483 2221 virium,
522 2165 636 2220 quod
662 2181 701 2208 v.
731 2167 819 2208 424
852 2166 1205 2209 Subuolturiumst
1240 2167 1350 2209 illud
1385 2183 1463 2222 pro
1495 2168 1712 2210 Su'buoltu-

180 2239 293 2281 rium
329 2238 438 2280 illud
476 2239 628 2280 cont-ra
666 2238 919 2280 memoriam
957 2238 1179 2293 ipsamque
1218 2239 1443 2281 veritatem
1477 2240 1612 2281 invito
1646 2254 1712 2280 me

182 2309 382 2352 relietum
415 2311 480 2350 esf,
511 2306 640 2366 (unde
673 2310 806 2351 etiam
837 2310 956 2351 nulla
988 2309 1279 2365 discrepantia
1304 2311 1349 2352 in
1377 2313 1589 2366 apparatu
1615 2326 1712 2352 eno-

282 2479 315 2525 *)
342 2479 383 2515 V.
412 2482 599 2515 282—289
626 2480 680 2515 sic
705 2480 956 2516 Hermannus:

425 2532 496 2568 Sed
523 2534 594 2568 hae
620 2535 803 2579 pauperes
830 2546 887 2570 res
915 2534 1044 2579 inopes
1072 2536 1172 2577 sunt,
1198 2534 1356 2579 puellae.

425 2586 585 2631 Egomet
609 2587 672 2621 uix
698 2586 779 2623 colo
806 2586 942 2623 uitam:
968 2588 1105 2623 Veneri
1131 2587 1258 2622 cibatu

520 2639 603 2676 Μθὸ
630 2652 737 2676 serua
761 2642 859 2676 uiuo.

356 2693 397 2727 A.
424 2692 580 2729 Veneris
606 2681 910 2730 obsecr6⁰fanum
936 2696 1006 2730 hoc
1033 2697 1113 2731 est?
1159 2694 1193 2730 S.
1221 2706 1300 2730 esse
1327 2695 1457 2729 fateor.

425 2746 504 2791 Ego
530 2746 640 2782 hfiius
666 2748 838 2784 sacerdos
864 2749 943 2784 fani
968 2748 1073 2784 clueo
1100 2748 1246 2783 Veneri.

429 2798 567 2835 Venim
592 2801 773 2846 quidquid
799 2802 874 2846 est,
901 2802 1056 2837 comiter
1081 2803 1144 2836 fiet
1170 2804 1193 2836 a
1218 2813 1287 2846 me,

522 2853 600 2895 Quo
625 2856 753 2890 nestra
778 2866 845 2900 ops
872 2855 1022 2891 ualebib.

429 2905 481 2940 [te
508 2906 578 2942 hae
602 2919 758 2943 mecum.
804 2909 842 2942 P.
870 2910 987 2943 amice
1013 2909 1245 2952 benigneque
1272 2908 1459 2948 bonel-em,

427 2958 562 3003 Mater,
588 2962 756 2995 nostrum
782 2961 909 2996 habes.
962 2961 995 2997 S.
1025 2962 1077 2996 sio
1104 2962 1267 3006 oporbet,
1296 2961 1442 3005 puellae
