1946 3344
253 185 285 219 X
882 183 1160 218 PRAEFATIO

253 293 454 334 Plautum
482 308 629 334 omnes
657 292 943 334 consentiunt.
997 293 1031 333 A
1060 307 1145 347 quo
1173 292 1276 347 quin
1297 292 1427 334 etiam
1454 307 1786 348 personarum

251 364 459 407 nomina
490 363 733 418 retinuerit,
765 378 853 404 non
885 366 951 404 est
985 363 1097 418 quod
1129 363 1395 405 dubitemus:
1428 364 1574 406 omnia
1605 366 1718 407 enim
1743 369 1787 408 et

253 436 422 477 facilem
462 437 504 476 et
544 436 693 489 aptum
734 434 995 489 explicatum
1034 434 1213 489 habent,
1253 435 1305 476 ab
1345 449 1430 477 uno
1461 435 1708 491 Plesidippo
1749 438 1785 479 si

254 506 499 548 discesseris
531 505 655 547 nobis
689 508 801 547 certe
835 506 1029 547 obscuro.
1082 505 1205 555 Quod
1238 520 1335 547 cum
1367 521 1455 548 non
1487 506 1628 548 verius
1655 521 1783 562 quam

255 577 329 618 alii
368 576 563 631 expedire
605 574 842 632 possim*)‚
887 577 957 617 vix
999 576 1082 618 hoc
1127 577 1222 619 loco
1262 591 1659 633 commemorarem,
1700 579 1785 621 nisi

253 662 389 702 nuper
421 647 551 689 etiam
583 648 627 689 in
660 648 796 689 altera
821 646 974 689 Militis
1007 647 1188 703 gloriosi
1220 647 1407 690 editione
1433 664 1472 704 p.
1501 648 1527 690 5
1554 649 1784 693 Lorenzius

254 719 591 760 Πλευσίδιππον
624 719 886 774 appellasset
920 721 961 761 et
987 733 1082 761 cum
1110 717 1323 761 Pleusicle
1351 720 1615 762 contulisset.
1666 720 1784 770 Quae

254 791 431 832 nomina
462 790 590 845 longe
623 790 710 832 alia
741 790 909 832 ratione
942 791 1056 832 inter
1090 805 1134 832 se
1167 790 1400 833 cohaerent
1431 805 1568 847 neque
1600 806 1692 833 sese
1723 793 1784 834 in-

252 861 388 902 vicem
421 862 659 916 illustrant⁷
693 861 767 903 sed
793 861 1006 917 quomodo
1033 861 1184 903 vitium
1214 876 1263 903 ex
1291 861 1396 904 vit-io
1424 862 1588 904 oriatur
1614 863 1784 906 demon-

257 934 409 974 strant.
470 932 507 974 E
540 932 752 974 Pleusicle
786 933 899 974 enim
933 947 1027 975 cum
1059 932 1278 974 Pleusicles
1311 933 1356 974 in
1387 933 1542 976 Militis
1575 935 1785 977 memoria

250 1004 390 1045 faetus
431 1006 561 1058 esset,
605 1003 711 1046 haee
748 1004 843 1059 ipsa
887 1003 1027 1046 forma
1071 1004 1229 1046 vitiosa
1265 1003 1504 1060 Plesidippi
1544 1019 1700 1048 nomen
1738 1007 1783 1048 in

255 1073 451 1115 Rudente
487 1074 646 1126 affecit,
687 1077 735 1116 ut
766 1074 1068 1129 Pleusidippus
1107 1075 1239 1116 fieret.
1300 1075 1414 1117 Nam
1445 1076 1565 1118 illam
1597 1075 1781 1119 formam

254 1146 413 1187 dudum
434 1148 534 1200 post
554 1145 879 1188 Fleckeisenum
901 1161 950 1187 ex
964 1145 1244 1188 Ambrosiani
1265 1161 1476 1188 consensu
1498 1162 1594 1189 cum
1613 1149 1782 1203 potiore

254 1215 427 1258 Veteris
454 1214 765 1272 Decurtatique
791 1217 976 1259 lectione
1004 1217 1216 1259 stabilivit
1236 1217 1500 1260 Ritsohelius
1522 1217 1696 1274 (Opusc.
1717 1219 1781 1261 III

252 1303 293 1341 p.
325 1285 450 1343 327),
489 1302 513 1328 a
551 1303 635 1342 quo
675 1303 750 1330 cur
787 1303 934 1330 rursus
967 1288 1175 1330 desciscat
1214 1289 1427 1330 rationem
1464 1304 1601 1344 neque
1634 1291 1783 1332 attulit

249 1373 387 1414 neque
420 1359 570 1400 afferre
602 1360 746 1414 potuit
777 1360 1022 1401 Lorenzius.

367 1429 458 1471 Iam
498 1444 598 1472 vero
638 1430 688 1472 de
728 1430 824 1472 aliis
863 1431 991 1473 huius
1030 1430 1205 1472 fabulae
1238 1432 1493 1486 corruptelis
1532 1433 1781 1489 priusquam

250 1501 457 1543 nonnulla
490 1515 764 1556 componam,
805 1502 855 1543 de
894 1502 1087 1544 codicum
1127 1502 1333 1545 subsidiis
1367 1503 1606 1546 accuratius
1639 1504 1777 1547 dicen-

251 1573 350 1614 dum
383 1573 476 1615 erit.

369 1643 432 1685 De
470 1644 512 1685 A
559 1644 672 1698 quod
711 1644 975 1686 Ritschelius
1022 1645 1254 1699 exemplari
1294 1661 1371 1688 suo
1410 1646 1631 1702 inscripsit
1672 1647 1780 1690 ‘Ru-

251 1715 389 1757 dentis
429 1714 718 1757 emendationi
758 1715 812 1757 ab
852 1712 1142 1757 Ambrosiano
1183 1715 1326 1759 codice
1364 1732 1451 1759 non
1489 1718 1673 1760 multum
1716 1723 1781 1762 est

252 1786 476 1841 praesidii’
517 1787 712 1840 quamvis
751 1801 898 1828 verum
940 1787 1014 1841 sit9
1051 1789 1197 1828 tamen
1229 1788 1324 1842 plus
1359 1789 1511 1830 saltem
1546 1804 1675 1843 quam
1707 1790 1779 1833 ille

252 1858 357 1899 olim
389 1859 689 1899 autumaverat
715 1858 883 1899 efficere
915 1872 1158 1913 possumus.
1210 1857 1302 1907 Quo
1336 1860 1475 1915 magis
1509 1860 1632 1903 doleo
1667 1862 1778 1916 quod

251 1944 425 1984 operam
471 1944 611 1970 meam
653 1930 766 1971 intra
812 1931 976 1984 septem
1021 1929 1126 1971 folia
1172 1930 1390 1972 continere
1435 1934 1607 1974 coactus
1652 1947 1780 1988 eram,

250 2015 358 2055 quae
391 2003 433 2041 et
466 1999 707 2054 Geppertus
740 2001 784 2042 in
817 2000 1002 2042 editione
1036 2002 1129 2043 sola
1161 2005 1410 2056 respexerat
1443 2006 1485 2044 et
1517 2003 1776 2046 Ritschelius

249 2073 292 2113 in
325 2072 571 2113 collatione:
612 2072 686 2113 ubi
725 2087 820 2114 cum
861 2087 911 2114 ex
943 2073 1082 2115 tribus
1121 2073 1255 2128 foliis,
1295 2088 1403 2128 quae
1436 2076 1484 2115 ut
1515 2075 1641 2116 nimis
1674 2075 1779 2116 dila-

249 2145 395 2185 cerata
421 2145 548 2196 atque
575 2143 801 2198 desperata
820 2144 885 2184 illi
908 2144 1034 2185 solito
1058 2159 1174 2186 more
1196 2159 1282 2186 non
1304 2146 1530 2201 attigerint
1551 2144 1622 2202 (cf.
1645 2146 1777 2200 praef.

249 2212 442 2256 Mercat.2
486 2231 527 2266 p.
559 2211 703 2269 VIII),
749 2214 955 2269 quaedam
1003 2215 1154 2256 saltem
1197 2230 1285 2256 non
1323 2216 1495 2258 inutilia
1534 2217 1777 2271 expiscatus

250 2284 343 2338 sim,
376 2284 559 2326 fortasse
593 2284 724 2326 etiam
757 2286 807 2326 de
829 2287 1015 2340 quinque
1037 2300 1144 2339 quae
1171 2288 1335 2327 restant
1355 2286 1546 2343 foliisssss)
1568 2287 1691 2329 valde
1711 2288 1778 2330 de-

250 2355 365 2396 tritis
391 2355 503 2396 idem
532 2356 795 2410 contigisset.
843 2356 925 2398 Sed
953 2357 1154 2411 quoniam
1182 2357 1263 2399 hoc
1290 2358 1464 2400 omnino
1493 2373 1580 2400 non
1606 2361 1777 2413 poterat

250 2428 443 2480 spectare
476 2426 559 2468 nisi
593 2426 645 2467 ad
680 2442 825 2469 versus
865 2442 1120 2483 perpaucos,
1163 2443 1249 2470 11011
1283 2431 1373 2470 erat
1406 2430 1519 2484 quod
1551 2433 1779 2485 propterea

249 2497 480 2539 editionem
525 2497 597 2538 diu
641 2500 908 2552 expectatam
955 2499 1115 2540 diutius
1160 2499 1402 2543 retinerem.
1470 2500 1533 2542 De
1579 2502 1777 2544 universa

251 2570 395 2609 autem
441 2568 606 2610 ratione
651 2568 803 2610 harum
847 2569 1148 2625 reliquiarum,
1198 2572 1246 2611 ut
1290 2570 1369 2612 hoc
1419 2571 1512 2612 loco
1559 2571 1776 2626 disputare

343 2714 378 2758 ³²)
404 2714 500 2748 Nam
520 2725 565 2749 ne
587 2726 629 2749 ex
650 2715 788 2758 Πλῆξις
807 2713 925 2749 forma
944 2714 1113 2749 breviore
1135 2726 1178 2749 ex
1196 2716 1398 2763 Πληξίππῳ
1419 2716 1622 2751 derivanda
1640 2716 1774 2752 iterum

249 2767 500 2811 compositum
526 2778 605 2802 esse
626 2768 886 2812 Πληξίὸιππον
912 2768 1057 2811 eredas,
1084 2769 1122 2802 et
1146 2769 1227 2812 ipsa
1253 2769 1486 2804 formationis
1512 2769 1713 2805 insolentia
1738 2771 1776 2805 et

249 2834 264 2850 s
293 2832 357 2864 pro
385 2821 402 2862 ξ
429 2830 664 2864 nequaquam
691 2820 874 2855 similibus
902 2821 1080 2865 exemplis
1108 2821 1298 2856 fulcienda
1324 2822 1589 2866 impedimento
1616 2824 1711 2857 sunt.

321 2872 374 2916 ²³³²³³)
409 2873 612 2908 Duodecim
645 2874 742 2908 enin]
775 2874 881 2917 folia,
917 2884 989 2908 non
1021 2875 1190 2909 undecim
1226 2875 1281 2919 (ut
1317 2874 1539 2910 Ritsohelius
1575 2878 1707 2920 opusc.
1741 2876 1774 2910 ll

248 2938 281 2970 p.
310 2930 377 2960 21⁴.)
414 2927 642 2973 monuerat),
676 2927 723 2962 ad
750 2927 958 2962 Rudenteni
990 2928 1173 2973 pertinere
1203 2929 1409 2974 Geppertus
1441 2928 1568 2964 docuit
1599 2929 1660 2974 (de
1693 2931 1772 2966 cod.
