1946 3344
102 224 134 258 Π
160 229 192 268 3,
220 228 381 258 99—112
728 219 999 256 BACGHIDES
1572 213 1628 254 43

764 328 797 363 N
800 341 833 363 10
837 340 967 362 onvnvs

107 380 223 430 Quor
253 378 316 422 ita
346 379 543 420 fastidit?

762 435 970 470 CHRYSALVS

534 498 694 539 Tantas
727 496 901 539 diuitias
932 495 1080 537 habet:

104 567 253 611 Nescit
284 568 384 623 quid
415 568 547 610 faciat
580 571 694 610 auro.

758 624 964 659 N1convnvs

706 680 815 721 Mihi
848 677 1015 721 dederit
1046 678 1189 720 uelim.

105 752 185 795 Sed
220 750 295 807 qul'
324 753 548 806 praesente
580 751 623 791 id
655 754 805 792 aurum
838 749 1066 791 Theotime
1100 749 1320 791 datumst?
1561 758 1629 788 335

760 825 966 860 CHRYSALVS

104 884 268 938 Popule
299 885 546 938 praesente:
578 882 742 923 nullust
767 880 949 935 Ephesi,
982 878 1083 934 quin
1118 880 1238 921 sciat.

760 951 966 985 NICOBVLVS

103 1009 218 1050 Istuc
251 1008 467 1062 sapienter
500 1007 655 1048 saltem
688 1005 793 1047 feeit
822 1004 961 1060 filius,

106 1081 245 1130 Quom
278 1077 402 1120 diuiti
434 1077 600 1120 homini
629 1077 674 1118 id
705 1080 856 1119 aurum
889 1077 1146 1119 seruandum
1180 1077 1307 1118 dedit.

106 1151 173 1193 Ab
207 1152 255 1192 ee
288 1150 438 1192 licebit
469 1149 664 1205 quamuis
700 1149 843 1190 subito
879 1152 1058 1190 sumere.

764 1217 969 1253 CHRYSALvs

104 1274 240 1316 Immo
274 1277 339 1316 em
371 1275 585 1329 tantisper
616 1277 853 1329 numquam
886 1276 929 1315 te
963 1274 1218 1328 morabitur,
1565 1283 1632 1313 340

106 1345 217 1395 Quin
248 1346 410 1387 habeas
443 1346 552 1387 illud
584 1347 667 1401 que
701 1345 766 1386 die
800 1345 905 1386 illuc
938 1346 1123 1387 ueneris.

761 1414 967 1449 NICOBVLvs

105 1470 340 1513 Censebam
372 1486 440 1513 me
474 1469 677 1526 effugisse
710 1486 735 1512 a
766 1471 858 1512 uita
890 1470 1139 1525 marituma,

103 1541 168 1584 Ne
199 1542 453 1598 nauigarem
485 1542 659 1584 tandem
690 1542 771 1583 hoe
804 1540 959 1584 aetatis
993 1556 1135 1583 senex,

103 1615 150 1656 Id
184 1615 242 1655 mi
274 1614 389 1656 haud
422 1616 566 1655 utrum
598 1612 729 1655 uelim
760 1613 886 1655 licere
917 1613 1145 1668 intellego:

103 1685 172 1727 Ita
205 1686 342 1727 bellus
375 1686 532 1740 hospes
566 1684 667 1726 feeit
700 1683 1039 1725 Archidemides.
1564 1694 1631 1724 345

104 1756 190 1799 Vbi
221 1761 334 1798 nune
367 1759 433 1798 est
465 1769 567 1811 ergo
601 1757 720 1797 meus
753 1754 1046 1796 Mnesilochus
1078 1753 1228 1796 filius?

108 1838 203 1881 Quin
229 1838 345 1873 aurod
371 1837 509 1872 habeat
529 1836 646 1872 soccis
672 1837 765 1872 idem
786 1836 880 1871 Nov.
900 1847 974 1871 exc.
998 1847 1035 1881 1⁹-
1058 1839 1116 1871 63.
1145 1835 1215 1878 Qui
1235 1837 1351 1871 soccis
1379 1837 1516 1871 habeat
1544 1847 1632 1870 auro

109 1893 278 1938 Pylades.
320 1891 390 1933 Qui
417 1902 506 1926 auro
539 1890 610 1925 sibi
636 1890 775 1925 habeat
801 1889 918 1924 soccis
946 1890 1192 1925 Hermarmus.
1233 1889 1350 1932 Quine
1377 1891 1451 1925 iam
1476 1890 1633 1925 Botliius

200 1946 421 1989 subpeotum
446 1944 519 1979 D1:
545 1955 634 1980 corr.
656 1943 720 1978 D‘2.
750 1943 960 1988 subpictum
982 1943 1060 1977 FZ
1143 1947 1221 1977 333.
1250 1944 1348 1986 Quor
1370 1943 1414 1978 F.
1446 1944 1520 1986 Qut
1541 1945 1632 1979 BD.

106 1998 177 2034 Cur
204 1998 272 2033 ΟΖ
341 1998 412 2044 ita]
439 2000 517 2033 tam
541 1999 596 2033 vel
621 1997 673 2032 sic
700 1998 896 2033 Braunius
926 1996 1005 2031 obs.
1032 2008 1180 2042 qramm.
1204 2009 1241 2041 p.
1269 2001 1317 2033 17
1433 2001 1512 2032 334.
1541 1996 1630 2041 quid

105 2053 232 2087 BFZ.
261 2051 326 2097 qui
353 2051 390 2088 O.
417 2051 507 2095 quid
533 2063 576 2086 ea:
603 2050 667 2095 qui
693 2052 731 2086 D
828 2050 934 2096 auro]
962 2061 1050 2085 auro
1078 2050 1222 2094 aliquid
1244 2050 1280 2086 C.
1309 2052 1534 2095 adscriptum
1559 2052 1633 2093 fluit

107 2106 250 2151 aliquid
281 2106 461 2150 proximis
496 2105 672 2140 Nicobuli
705 2105 821 2139 verbis
966 2103 1058 2137 mihi
1094 2104 1238 2138 dederit
1270 2105 1365 2140 libri.
1400 2106 1451 2138 mi
1490 2105 1635 2140 dederit

105 2158 286 2204 Berylcius
323 2159 453 2202 Opusc.
490 2158 517 2191 Ι
549 2169 586 2202 p.
623 2160 680 2192 32.
719 2158 763 2200 ef.
800 2157 921 2192 Luchs
955 2157 1198 2192 Studemuruli
1230 2157 1334 2192 Stud.
1363 2159 1429 2193 vol.
1459 2160 1485 2192 I
1509 2170 1548 2203 p.
1576 2161 1633 2193 30.

106 2212 197 2246 mihi
224 2210 305 2246 duit
329 2222 410 2246 cum
436 2210 650 2245 Hermanno
675 2210 896 2245 Ritsclaeelius
1007 2210 1046 2244 V.
1074 2214 1146 2245 335
1167 2222 1215 2255 sq.
1249 2212 1314 2246 del.
1349 2212 1633 2246 Braclmnmmis

100 2277 140 2310 p.
162 2268 233 2300 133
307 2267 384 2300 335.
414 2264 479 2299 Set
504 2263 542 2298 Ι)
628 2265 798 2309 presente
824 2264 860 2297 B
950 2263 1101 2297 datumst
1125 2263 1171 2298 B.
1200 2263 1327 2297 datum
1356 2265 1412 2298 est
1436 2265 1569 2308 reliqui

109 2322 186 2353 336.
214 2320 385 2363 presente
410 2317 494 2352 BF
606 2317 711 2351 nullu
737 2318 772 2351 st
796 2317 887 2351 BD.
914 2316 1039 2350 nullus
1067 2317 1123 2351 est
1147 2318 1279 2362 reliqui
1389 2316 1489 2351 effesi
1516 2318 1634 2352 1301)

202 2371 296 2406 sicat
324 2370 354 2405 Ο
448 2375 527 2406 338.
554 2382 665 2414 quom
693 2370 738 2405 F.
768 2382 849 2404 eum
876 2371 1008 2415 reliqui
1105 2374 1184 2405 340.
1212 2382 1269 2405 em
1296 2370 1454 2405 Brioeius
1480 2371 1633 2406 Emencl.

107 2426 148 2460 iri
174 2425 277 2469 Capt.
305 2436 344 2469 p.
370 2428 435 2467 21,
469 2424 686 2459 Ribbeckius
719 2425 760 2459 de
785 2427 885 2468 part.
914 2436 952 2469 y).
981 2427 1037 2458 31.
1078 2425 1161 2458 hem
1196 2425 1292 2459 libri.
1327 2435 1371 2458 en
1404 2424 1632 2460 Rilsclielius.

109 2478 206 2513 enim
237 2478 403 2513 Bothius.
443 2477 517 2512 hau
544 2478 725 2522 Berym‘ns
759 2477 888 2521 opusc.
916 2477 944 2510 I
965 2489 1002 2521 p.
1032 2480 1103 2512 (174-
1224 2477 1340 2511 tantis
1367 2489 1432 2521 per
1458 2477 1539 2511 BD

108 2533 144 2567 te
171 2531 376 2566 morabitur
401 2530 528 2566 BGD.
557 2530 804 2565 remorabitur
831 2530 911 2565 FZ
1006 2535 1084 2565 341.
1112 2530 1223 2576 illud]
1249 2530 1273 2563 d
1294 2542 1364 2575 pro
1390 2543 1427 2564 m
1453 2532 1565 2565 minio
1587 2531 1632 2565 B.

108 2584 213 2619 illum
242 2584 279 2619 0.
312 2584 402 2619 illuc
428 2585 500 2619 D1:
533 2595 623 2620 corr.
651 2584 706 2619 ΒΖ
847 2597 918 2628 quo
946 2584 1005 2619 die
1032 2584 1168 2626 BGD,
1200 2585 1300 2619 codd.
1329 2585 1492 2628 Pyladis.
1521 2595 1632 2627 quom

109 2638 188 2672 ΓΖ
330 2642 408 2672 342.
436 2638 524 2673 Post
549 2649 608 2672 me
634 2650 711 2672 una
737 2639 803 2673 litt.
831 2649 933 2673 erasa
960 2639 996 2672 B
1148 2636 1335 2682 effugisse]
1364 2638 1401 2670 ef
1431 2649 1447 2671 e
1479 2649 1569 2671 corr.
1599 2638 1634 2670 B

226 2691 415 2726 maritima
449 2692 482 2724 Z
625 2695 704 2726 343.
738 2691 849 2738 etatis
884 2691 920 2726 0.
962 2690 1071 2725 etatis
1103 2691 1140 2724 D
1263 2693 1340 2724 344.
1370 2690 1408 2723 ld
1443 2690 1532 2723 mihi
1568 2692 1634 2724 aut

110 2746 230 2779 utrum
251 2745 367 2779 nerim
394 2745 467 2789 (secl
486 2745 528 2779 iu
552 2755 665 2789 mary.
687 2746 764 2780 eacl.
792 2756 835 2780 m.
864 2746 1001 2779 additis
1028 2745 1063 2778 al
1091 2744 1188 2778 haud
1216 2744 1338 2777 utrum
1367 2742 1477 2775 uelim
1504 2742 1631 2778 licere)

110 2798 155 2832 B.
188 2798 223 2832 id
258 2797 349 2832 mihi
381 2798 481 2832 haud
514 2798 636 2832 utrum
669 2797 783 2832 uelim
817 2798 944 2833 CDF.
985 2797 1023 2831 id
1056 2797 1146 2831 mihi
1173 2796 1270 2829 haud
1306 2797 1344 2828 ut
1372 2794 1484 2828 uelim
1514 2796 1553 2830 Z.
1589 2795 1628 2830 Id

109 2849 182 2884 iam
215 2850 276 2893 mi,
303 2851 426 2884 utrum
446 2850 577 2894 uelim,
604 2850 703 2885 haud
724 2851 943 2886 Ritsclzelius
972 2851 1112 2895 Proley.
1139 2850 1241 2883 Tria.
1263 2860 1300 2892 p.
1326 2848 1547 2881 CCXVIII

111 2919 280 2966 intelligo
309 2922 342 2955 Z
461 2925 539 2957 345.
569 2932 674 2966 ospes
701 2923 748 2956 J).
782 2900 888 2967 iispes
917 2923 946 2956 (J
1065 2924 1143 2955 346.
1176 2919 1203 2963 Μ
1222 2920 1274 2953 ffis
1301 2930 1343 2953 ea)
1370 2918 1450 2953 o'ffi's
1478 2919 1515 2952 J)

113 2973 369 3009 mneselochus
396 2975 443 3009 Ι).
477 2975 734 3009 mnesolochus
762 2976 791 3009 (J
