1946 3344
818 210 1095 246 PRAEFATIO
1656 210 1723 244 VII

324 322 421 363 389.
446 321 594 362 390=
608 321 720 362 1313
733 344 782 348 —
802 320 925 362 1326.
954 320 1062 362 1326
1078 344 1123 349 —
1136 319 1262 362 inscr.
1277 319 1382 361 Rud.
1400 318 1459 376 (P)

223 353 352 445 [1.
384 387 398 427 i

282 466 299 487 s
321 450 372 492 K.
405 451 433 491 k

318 515 362 556 L.
394 515 409 555 1

259 490 361 675 «M
407 595 448 621 m
1529 555 1687 596 LXXX

318 651 371 692 N.
404 667 428 692 n

318 718 352 758 O
398 732 422 758 o

318 751 417 824 4o3.
449 781 536 822 404
559 800 612 813 =
633 780 741 822 Rud.

312 889 378 930 Ex
413 887 566 943 quibus
604 887 778 941 paginis
818 886 1038 928 commode
1076 886 1144 928 vel
1182 901 1269 928 non
1301 887 1362 927 ita
1395 886 1622 928 difficulter
1655 902 1723 928 ex-

192 960 336 1014 pedire
368 973 494 1015 posse
523 958 605 1000 sibi
633 958 748 999 visus
777 960 842 999 est
866 957 1062 999 Loewius
1089 957 1234 999 hasce:
1261 958 1329 998 99.
1365 958 1460 999 100.
1498 958 1591 1000 120.
1629 958 1723 1000 121.

195 1032 289 1072 122.
327 1031 421 1072 124.
460 1030 552 1072 125.
590 1030 682 1071 126.
720 1029 813 1071 133.
850 1029 945 1070 134.
982 1029 1076 1071 136.
1112 1029 1208 1071 139.
1245 1029 1339 1070 140.
1376 1029 1472 1071 142.
1501 1029 1596 1070 146.
1626 1030 1722 1071 147.

194 1103 290 1144 148.
327 1102 421 1144 158.
459 1102 552 1143 164.
590 1100 685 1142 165.
722 1101 816 1142 166.
851 1101 947 1142 171.
986 1100 1079 1141 172.
1115 1100 1210 1141 173.
1246 1100 1340 1142 174.
1398 1099 1638 1154 Qamquam
1670 1115 1723 1141 ne

192 1175 236 1214 in
268 1173 335 1214 his
364 1172 532 1228 quidem
560 1172 678 1214 locos
712 1171 974 1213 difficiliores
1007 1172 1179 1212 omnino
1214 1171 1360 1212 deesse
1387 1174 1721 1212 consentaneum

194 1248 272 1285 est.
322 1244 529 1285 Maiorem
562 1243 806 1285 molestiam
834 1243 1126 1298 praebuerunt
1150 1243 1336 1298 paginae
1362 1243 1461 1284 hae:
1498 1242 1592 1283 110.
1627 1242 1723 1284 115.

194 1316 289 1357 116.
326 1316 420 1356 117.
458 1315 553 1356 119.
591 1315 684 1356 131.
721 1315 815 1356 132.
852 1315 946 1356 137.
986 1314 1080 1356 145.
1118 1315 1211 1356 157.
1247 1314 1336 1356 159,
1378 1314 1474 1355 160.
1503 1314 1597 1355 163.
1624 1314 1722 1355 341.

192 1387 289 1428 342.
323 1386 419 1428 356.
448 1386 545 1428 389.
572 1386 670 1427 393.
699 1386 795 1428 394.
829 1386 926 1427 395.
960 1386 1057 1427 398.
1109 1385 1388 1427 Perdifficiles
1421 1400 1521 1426 vero
1555 1385 1721 1426 diverso

190 1457 316 1499 modo
349 1457 540 1511 reliquae
568 1460 684 1498 sunt:
720 1456 814 1498 109.
852 1457 946 1498 118.
982 1457 1080 1499 123.
1117 1457 1210 1498 135.
1246 1457 1340 1498 138.
1377 1458 1471 1498 141.
1499 1456 1597 1498 345.
1624 1456 1722 1498 346.

190 1529 287 1570 351.
321 1528 419 1570 352.
452 1527 548 1569 355.
581 1527 678 1568 390.
712 1527 809 1569 396.
837 1527 934 1569 397.
967 1528 1066 1569 399.
1098 1528 1196 1569 400.
1228 1527 1326 1569 405.
1359 1528 1456 1569 406.
1490 1528 1589 1569 419.
1622 1528 1721 1568 420.

188 1599 256 1640 Ex
289 1615 372 1654 qua
398 1599 655 1654 paginarum
683 1599 932 1640 condicione
958 1599 1154 1640 lectionis
1182 1599 1390 1640 maiorem
1419 1599 1484 1640 vel
1511 1599 1719 1640 minorem

188 1671 315 1712 fidem
354 1670 537 1725 pendere
581 1670 705 1712 facile
742 1670 1018 1725 intellegitur.
1088 1669 1140 1711 In
1174 1670 1424 1726 apographo
1458 1670 1720 1712 conficiendo

188 1741 385 1783 Loewius
436 1744 608 1795 praeter
651 1741 966 1783 Ritschelianas
1018 1741 1223 1783 lectiones
1268 1756 1357 1783 non
1400 1741 1526 1783 modo
1572 1739 1719 1782 Stude-

189 1813 461 1866 mundianas,
489 1812 562 1853 sed
590 1813 720 1854 etiam
741 1812 1053 1867 Geppertianas
1081 1812 1311 1867 diligenter
1332 1812 1547 1853 adhibuit:
1574 1813 1719 1866 itaque

187 1884 266 1925 has
306 1884 480 1926 omnino
522 1883 669 1938 omisi,
708 1883 805 1924 illas
838 1884 1089 1938 plerumque
1127 1890 1214 1925 non
1248 1883 1598 1937 commemoravi,
1636 1883 1719 1924 nisi

193 1955 267 1996 ubi
294 1954 453 2010 aliquid
480 1954 795 2008 discrepantiae
822 1955 1063 1996 notandum
1090 1954 1183 1996 fuit.
1225 1954 1549 2009 Discrepantias
1578 1956 1719 1995 autem

188 2027 419 2067 lectionum
453 2041 478 2067 a
505 2024 799 2068 Studemundo
832 2029 933 2080 post
964 2026 1127 2068 Loewii
1160 2041 1282 2068 curas
1317 2027 1547 2080 editarum,
1581 2025 1719 2081 quoad

188 2098 277 2139 eius
304 2097 397 2139 fieri
423 2097 582 2152 potuit,
610 2097 783 2138 exhibui
810 2111 979 2152 omnes,
1007 2098 1080 2138 sed
1107 2100 1156 2139 ut
1182 2097 1342 2139 Loewii
1369 2098 1574 2138 lectiones
1601 2097 1720 2138 iuxta

188 2184 282 2210 cum
329 2169 414 2210 illis
460 2183 675 2223 ponerem.
749 2167 947 2210 Ceterum
992 2183 1058 2209 me
1097 2169 1142 2210 in
1182 2169 1458 2210 adnotatione
1497 2168 1584 2210 fere
1624 2183 1719 2210 ean·

190 2241 285 2282 dem
319 2255 448 2295 quam
481 2240 524 2280 in
558 2239 733 2294 reliquis
766 2239 923 2280 fabulis
963 2255 988 2281 a
1019 2254 1085 2281 me
1119 2243 1160 2281 et
1192 2240 1363 2281 Loewio
1398 2240 1555 2281 curatis
1587 2239 1718 2281 ratio-

188 2327 287 2353 nem
327 2313 520 2353 secutum
560 2325 669 2364 esse,
709 2310 759 2351 de
798 2325 881 2365 qua
919 2311 963 2351 in
1003 2311 1344 2365 praefationibus
1383 2310 1637 2352 Mercatoris
1677 2312 1719 2351 et·

187 2382 359 2437 Epidici
384 2382 543 2424 dictum
571 2383 648 2431 est,
680 2384 910 2435 propterea
937 2396 1103 2435 moneo,
1137 2382 1249 2436 quod
1272 2381 1473 2424 Schoellii
1500 2383 1582 2423 mei
1605 2382 1715 2423 ratio

188 2452 258 2507 (cf.
292 2452 414 2494 Truc.
448 2451 580 2506 praef.
611 2467 650 2506 p.
683 2450 810 2507 XIII)
844 2452 1082 2506 paullulum
1117 2453 1342 2508 discrepat.
1413 2453 1713 2507 Quaecumque

189 2523 323 2578 igitur
338 2526 498 2577 puncto
513 2526 688 2564 notatae
710 2526 809 2564 sunt
828 2523 1010 2578 litterae,
1031 2525 1262 2566 tenendum
1285 2527 1350 2565 est
1371 2525 1412 2565 in
1434 2525 1714 2579 palimpsesto

190 2598 264 2636 aut
302 2609 478 2648 prorsus
517 2594 741 2635 evanuisse
782 2596 854 2634 aut
891 2594 1156 2636 intercidisse
1190 2610 1276 2637 una
1310 2610 1404 2636 cum
1439 2595 1714 2636 membranae

188 2666 401 2720 particula
447 2668 520 2706 aut
565 2679 675 2706 nova
721 2665 932 2718 scriptura
978 2666 1184 2708 obductas
1231 2681 1334 2707 esse.
1403 2665 1713 2718 Inscriptiones

188 2737 441 2792 paginarum
481 2738 580 2777 sunt
613 2732 725 2778 rffii
758 2740 794 2777 et
824 2734 992 2791 υὸἶῇδς
1032 2749 1184 2779 DOLUS
1223 2740 1390 2778 tantum
1432 2735 1632 2790 apparuit
1670 2736 1714 2777 in

189 2808 357 2863 paginis
389 2808 484 2861 165,
516 2808 609 2861 171,
636 2808 739 2861 3413
766 2808 875 2849 nihil
903 2809 1103 2863 apparuit
1124 2809 1164 2849 in
1186 2809 1343 2863 pagina
1373 2808 1462 2859 118,
1489 2806 1712 2859 inscriptio

190 2878 308 2920 deest
339 2879 384 2919 in
415 2892 512 2934 pag.
534 2879 631 2932 390,
665 2881 712 2919 ut
744 2893 852 2932 quae
885 2882 926 2920 et
959 2880 1010 2921 ad
1031 2879 1289 2921 Pseudolum
1324 2881 1365 2919 ct
1399 2877 1450 2918 ad
1474 2877 1712 2918 Rudentem

190 2949 424 3004 pertineat,
457 2952 499 2991 et
536 2950 580 2990 in
613 2965 650 3004 p.
689 2950 789 3004 119,
832 2950 875 2991 in
916 2965 999 3004 qua
1032 2949 1232 2991 l'seudoli
1272 2949 1506 2990 didascalia
1540 2952 1714 2990 exarata
