1946 3344
111 229 143 263 V
164 233 194 271 7,
217 231 355 264 57—59
728 229 1027 264 MENAECHMI
1557 229 1641 270 125

108 352 130 376 ιιι
252 353 272 376 *
394 333 440 377 **
538 353 560 377 *
682 354 704 377 *
750 330 751 333 ¹
826 339 1028 380 dicebant
1058 338 1158 394 quid
1193 338 1260 380 sit.
1293 337 1403 380 mira
1439 340 1554 380 sunt:

107 407 226 450 Haec
257 408 395 450 nihilo
429 424 520 450 esse
553 408 665 450 mihi
697 409 899 451 uidentur
931 410 1063 451 setius
1097 424 1222 464 quam
1258 410 1438 450 somnia.
1547 420 1636 450 1047

108 478 232 529 Niinc
269 479 342 522 ibo
387 480 502 523 intro
548 481 601 522 ad
639 481 750 522 hanc
795 481 1082 536 meretricem,
1120 481 1380 535 quamquam
1419 481 1639 522 suscenset

964 551 1092 592 mihi:

110 619 183 662 Sei
206 636 381 675 possum
412 622 598 673 exorare,
631 625 679 663 ut
704 622 863 676 pallam
892 622 1052 676 reddat,
1085 637 1212 676 quam
1239 622 1422 664 referam
1452 622 1636 664 domum.

229 753 328 785 1047,
357 751 497 785 Gellius
523 750 571 785 N.
600 752 645 786 A.
675 750 837 785 XVIII
860 753 894 793 9,
920 753 1003 794 4sq.
1032 749 1247 794 (Insecenda
1272 750 1361 794 quid
1388 751 1486 785 esset
1511 750 1638 794 quaeri

112 804 374 848 coeptum...
399 806 432 849 .).
483 803 589 838 Alter
623 805 747 839 autem
781 803 846 837 ille
880 803 1058 838 eruditior
1091 802 1184 837 nihil
1216 804 1413 847 mendum,
1449 804 1513 838 sed
1538 804 1638 838 recte

109 858 220 900 atque
247 856 391 901 integre
418 857 598 902 scriptum
626 868 705 891 esse
731 856 998 901 perseuerabat
1025 858 1062 891 et
1087 855 1194 891 Velio
1220 856 1365 901 Longo,
1400 868 1473 891 non
1500 857 1640 891 homini

108 909 276 950 indocto,
309 909 420 944 fidem
459 921 539 944 esse
570 909 803 952 habendam,
837 907 901 952 qui
931 909 970 943 in
997 910 1265 945 commentario
1293 910 1392 953 quod
1418 910 1568 944 fecisset
1595 911 1640 944 de

108 974 177 997 usu
203 962 378 1007 antiquae
399 963 571 998 lectionis
593 961 788 1008 scripserit
812 972 887 997 non
915 960 1099 1007 ‘inseque'
1129 962 1229 1008 apud
1254 962 1414 997 Ennium
1442 963 1641 1008 legendum

108 1016 171 1050 sed
200 1014 373 1052 ‘insece’z
405 1015 566 1061 ideoque
594 1027 616 1050 a
640 1016 832 1051 ueteribus
868 1027 960 1061 quas
992 1016 1225 1051 narrationes
1261 1015 1420 1051 dicimus
1449 1016 1638 1051 ‘insectio—

110 1069 192 1103 nes’
229 1080 307 1104 esse
338 1070 560 1115 appellatas,
624 1069 828 1104 Varronem
859 1080 1005 1114 quoque
1031 1081 1176 1104 uersum
1210 1069 1307 1104 hunc
1333 1069 1458 1103 Plauti
1491 1070 1536 1104 de
1562 1070 1638 1105 Me-

110 1122 301 1157 naechmis
337 1122 503 1158 ‘nihilo
537 1122 685 1157 minus
722 1133 819 1157 esse
855 1122 1043 1158 uidetur
1076 1123 1248 1158 sectius
1286 1135 1414 1168 quam
1442 1122 1635 1158 somnia'

110 1176 163 1211 sic
196 1186 384 1212 enarrasse
422 1175 555 1212 ‘nihilo
580 1177 700 1221 magis
725 1175 910 1210 narranda
937 1186 1016 1211 esse
1043 1188 1155 1220 quam
1189 1176 1219 1210 si
1249 1186 1294 1210 ea
1319 1177 1441 1210 essent
1467 1176 1640 1212 somnia'.

108 1227 211 1264 Haec
235 1229 294 1264 illi
318 1230 415 1264 inter
441 1241 479 1265 se
507 1229 711 1266 certabant.
761 1228 842 1274 Ego
869 1229 1032 1264 arbitror
1059 1231 1095 1264 et
1122 1240 1145 1263 a
1168 1229 1218 1264 M.
1240 1229 1379 1264 Catone
1409 1228 1637 1264 ‘insecenda'

111 1283 148 1317 et
175 1293 197 1317 a
222 1282 263 1325 Q.
295 1282 418 1318 Ennio
447 1283 613 1318 ‘insece’
655 1282 835 1327 scriptum
868 1282 947 1316 sine
979 1294 1002 1316 u
1034 1282 1173 1318 littera.
1225 1310 1232 1317 .
1256 1311 1263 1317 .
1286 1310 1293 1316 .
1316 1309 1323 1316 .
1343 1283 1439 1316 Nam
1471 1282 1569 1326 quod
1601 1282 1639 1316 in

110 1346 217 1370 uersu
250 1336 425 1371 Plautino
459 1338 516 1371 est
550 1337 743 1372 ‘sectius
777 1347 907 1380 quam
934 1335 1129 1371 somnia’
1166 1335 1259 1370 nihil
1285 1334 1324 1368 in
1351 1334 1486 1369 alteras
1514 1335 1638 1379 partes

109 1388 322 1434 argumenti
352 1389 476 1425 habet.
520 1390 576 1433 Cf.
610 1390 649 1425 'R
675 1390 774 1425 Prol.
811 1389 915 1424 Trin.
944 1401 982 1433 p.
1010 1389 1189 1433 LXXV,
1225 1389 1407 1434 Beryki'zts
1435 1387 1637 1432 ‘Beitrc'iye’

107 1454 145 1486 p.
174 1445 246 1478 158
259 1454 331 1488 sq„
365 1444 628 1489 Nettleslzipius
665 1443 818 1478 ‘Joum
853 1443 897 1486 of
918 1444 1025 1488 phil)
1065 1443 1133 1477 XI
1156 1454 1196 1486 p.
1224 1445 1295 1476 109
1336 1444 1396 1484 ('=
1425 1441 1537 1476 (ἱροί.
1566 1442 1641 1475 and

109 1496 210 1530 Ess.’
238 1497 290 1531 ed.
321 1496 436 1532 Ooeon.
466 1509 499 1532 a.
526 1499 624 1532 1885
645 1508 684 1541 p.
712 1499 822 1539 369).·
855 1497 918 1541 qui
941 1497 1030 1532 mire
1061 1496 1279 1540 exeoyitai·it
1309 1494 1411 1529 Haec
1439 1493 1557 1528 nihilo
1585 1495 1642 1528 est

110 1560 220 1594 mage
246 1552 289 1584 ut
313 1550 462 1584 uidetur
488 1550 605 1585 sectio
633 1550 700 1594 (vel
725 1549 767 1584 H.
798 1561 831 1584 n.
859 1561 967 1594 mage
995 1562 1028 1583 u.
1052 1562 1086 1585 u.
1114 1548 1282 1592 sectiost)
1304 1559 1414 1592 quam
1442 1546 1585 1581 somnia
1610 1550 1643 1582 et

108 1613 191 1638 mom
217 1603 316 1647 quod
335 1603 373 1637 in
393 1614 503 1638 uersu
519 1603 692 1638 Plautino
715 1604 773 1637 est
800 1602 930 1637 ‘sectio
952 1604 1036 1646 (est)
1064 1614 1175 1646 quam
1204 1601 1383 1636 somnia':
1410 1602 1505 1645 quod
1530 1611 1641 1644 neque

110 1667 190 1690 cum
222 1655 402 1692 Varronis
427 1658 667 1702 explicatione
695 1667 805 1701 neque
830 1667 910 1691 cam
936 1658 1015 1701 ipso
1042 1657 1116 1691 loco
1143 1656 1302 1690 concinit
1328 1656 1517 1698 (quaenam
1546 1654 1641 1688 enim

109 1712 159 1743 est
189 1710 357 1744 narratio
392 1711 494 1755 apucl
519 1709 750 1753 Plauturrz?).
784 1709 981 1744 Varronem
1014 1721 1082 1754 per
1114 1709 1230 1743 nihilo
1265 1708 1383 1752 magis
1416 1707 1561 1742 reddere
1586 1706 1639 1740 ni-

108 1761 186 1796 hilo
223 1762 337 1798 setius
370 1764 572 1808 (eodemque
609 1767 768 1807 spectare
802 1763 922 1797 minus
955 1764 1056 1807 apucl
1083 1762 1239 1797 Gellium
1265 1761 1536 1805 interpolatum)
1563 1760 1641 1794 luce

108 1815 246 1850 clarius
271 1820 321 1851 est
347 1837 391 1842 —
417 1817 483 1852 etsi
516 1816 700 1852 Valclenus
724 1820 832 1861 neyat
856 1817 1002 1851 omnino
1035 1816 1147 1851 setius
1183 1816 1288 1849 illum
1314 1815 1435 1859 leyisse
1468 1834 1511 1839 —
1544 1814 1638 1848 vide-

108 1871 238 1913 turque
263 1869 403 1904 Gellius
429 1870 543 1905 obiter
568 1871 726 1914 inspecto
751 1868 844 1904 Velii
864 1870 938 1904 loco
958 1871 1007 1904 acl
1026 1869 1194 1913 se(c)tius
1220 1869 1376 1903 transisse
1395 1878 1486 1912 qnae
1505 1867 1553 1901 acl
1572 1867 1639 1901 ali-

108 1933 217 1966 quam
245 1923 412 1958 ‘secendi’
450 1924 606 1966 formam
644 1924 686 1957 in
723 1923 842 1958 eodem
866 1933 971 1957 versa
997 1935 1019 1958 α
1052 1922 1216 1957 Varrone
1253 1922 1378 1956 lec-tam
1407 1920 1638 1964 pertinerent.

109 1974 205 2010 Fuit
234 1978 387 2019 fortasse
420 1977 516 2012 velat
553 1976 649 2011 mira
686 1977 772 2011 sunt
801 1976 849 2010 Et
879 1975 998 2010 nihilo
1034 1976 1126 2010 haec
1153 1975 1220 2017 (vel
1246 1976 1341 2009 sunt.
1392 1971 1520 2007 Nihilo
1547 1973 1640 2006 haec

109 2028 217 2074 mihi)
248 2029 423 2064 uidentur
457 2030 562 2065 sectu
593 2028 708 2064 setius
741 2040 851 2073 quam
878 2028 1041 2071 somnia,
1066 2029 1131 2063 ubi
1165 2028 1274 2062 ‘secta
1302 2027 1418 2070 (esse)'
1448 2027 1524 2061 coll.
1555 2025 1640 2060 ‘usu

107 2083 224 2126 (esse)’
254 2084 379 2127 potuit
418 2083 535 2118 Varro
567 2094 740 2118 enarrare
761 2095 829 2127 per
857 2083 1065 2117 ‘narranda
1097 2092 1167 2116 esse
1177 2081 1202 2124 ⁹,
1235 2092 1315 2115 eum
1345 2081 1478 2115 rectius
1512 2078 1635 2114 ‘secta’

110 2152 154 2162 =
182 2136 283 2171 dictu
307 2137 385 2171 scil.
414 2136 526 2172 ‘mira
550 2136 635 2172 esse’
664 2139 878 2171 enarrasset.

206 2253 306 2294 Quor
331 2265 398 2298 pro
424 2253 556 2289 insano
583 2255 764 2289 haberent
787 2253 876 2300 me>
903 2253 1077 2288 dicebant
1103 2252 1191 2297 quid
1219 2252 1277 2287 sit.
1314 2251 1407 2285 mira
1435 2251 1520 2285 sunt

110 2306 200 2350 quid
219 2306 249 2340 si
270 2307 310 2341 F
325 2308 480 2353 iunyens
505 2307 596 2351 quid
616 2307 643 2342 si
663 2307 758 2342 mira
771 2307 853 2341 sunt
872 2307 964 2341 haec
1020 2306 1069 2340 In
1089 2306 1123 2339 A
1142 2305 1207 2340 sub
1229 2305 1335 2348 finem
1356 2304 1506 2338 alterius
1525 2314 1640 2348 supra

108 2371 140 2394 v.
169 2363 264 2396 1043
295 2371 418 2395 versus
442 2370 524 2396 UN'JJ
558 2362 761 2396 litterarum
796 2361 960 2405 lzssqatara
991 2370 1166 2404 apparere
1198 2359 1276 2393 visa
1311 2361 1382 2401 est,
1416 2357 1511 2391 nihil
1535 2367 1639 2391 rersn

109 2415 268 2458 sequenti
293 2414 341 2459 (²¹³)
488 2418 589 2450 1047.
617 2415 696 2461 Hec
721 2414 853 2448 BCD.
887 2425 952 2448 om.
981 2413 1120 2447 Gellius
1251 2410 1322 2445 esse
1350 2410 1440 2444 mihi
1466 2410 1639 2444 uidentur

110 2466 240 2502 BOD.
273 2467 365 2502 mihi
401 2466 473 2502 esse
498 2467 672 2502 uidentur
708 2467 790 2502 FZ.
820 2465 942 2501 minus
970 2466 1041 2501 esse
1073 2465 1221 2499 uidetur
1248 2464 1387 2499 Gellius
1533 2462 1643 2496 setius

111 2531 221 2564 quam
252 2520 370 2556 GDZ.
405 2520 468 2555 sed
494 2520 648 2565 usquam
674 2522 750 2556 Ba.
778 2520 881 2555 secus
903 2532 1014 2565 quam
1041 2519 1117 2554 Bb.
1145 2516 1263 2553 secius
1279 2527 1390 2561 quam
1413 2516 1459 2551 F.
1510 2514 1645 2549 sectius

111 2584 222 2617 quam
250 2573 390 2608 Gellius
462 2572 589 2608 somna
608 2574 654 2608 B.
684 2572 845 2607 rsomnia
865 2574 899 2607 Z
970 2574 1023 2616 Cf.
1052 2573 1177 2608 testim.
1201 2571 1249 2616 (²⁸)
1353 2573 1452 2604 1048.
1482 2576 1638 2611 <imno

355 2648 522 2650 WW
549 2626 604 2669 A,
637 2628 704 2671 qui
735 2627 888 2669 fortasse
919 2626 968 2660 At
994 2638 1089 2660 nunc
1115 2625 1176 2660 ibo
1213 2625 1259 2659 ad
1284 2625 1415 2658 habuit
1435 2633 1506 2666 pro
1534 2621 1639 2655 Nunc

110 2679 173 2715 ibo
199 2679 297 2715 iutro
323 2679 370 2714 ad
468 2691 566 2723 quan
594 2680 666 2724 qua
693 2679 767 2713 OD
862 2678 1006 2714 suscens
1027 2681 1065 2713 et
1089 2678 1203 2713 Bac.
1231 2675 1418 2712 suscensed
1444 2675 1523 2709 Da.
1560 2673 1637 2707 suc-

111 2733 233 2767 censet
257 2733 441 2768 BchZ.
468 2731 687 2767 succensent
709 2732 749 2766 F
850 2736 950 2767 1049.
978 2741 1090 2767 smpo
1290 2753 1293 2754 ν
1354 2752 1357 2753 ⁷
1388 2750 1495 2752 WWW
1520 2736 1638 2760 OMUM

112 2788 218 2831 (MUM
238 2797 306 2831 per
333 2787 544 2832 liyaturam)
571 2788 607 2820 A
711 2786 749 2820 Si
774 2785 981 2820 BGDFZ
1074 2784 1203 2820 reddet
1232 2782 1261 2817 G
1283 2785 1366 2816 ante
1391 2792 1480 2815 corr.
