1946 3344
92 197 142 233 1V
169 201 201 242 9,
227 201 367 232 36—46
723 194 992 231 BAOCHIDES
1539 197 1622 237 111

93 307 198 349 Post
228 307 302 348 ubi
332 305 516 347 tabellas
556 304 610 345 {id
645 319 789 347 senem
817 304 968 358 detuli,
999 304 1061 346 ibi
1094 304 1231 346 occidi
1262 305 1466 356 Troilum,
1557 315 1625 347 960

95 376 232 425 Quom
266 375 434 419 censuit
464 374 781 417 Mnesilochum
813 390 908 417 cum
935 390 1066 417 uxore
1098 377 1190 417 esse
1216 375 1376 417 dudum
1402 373 1565 417 militis.

94 448 161 489 Ibi
193 447 266 490 uix
299 462 367 489 me
401 447 581 489 exsolui:
622 449 750 502 atque
790 446 833 488 1'd
865 446 1074 501 periclum
1112 446 1345 501 adsimulo,
1376 446 1547 489 Vlixem
1579 449 1628 488 ut

1247 518 1498 573 praedicant

95 588 328 645 Cognitum
367 590 419 631 ab
452 589 620 631 Helena
659 590 752 631 esse
790 589 1010 644 proditum
1048 589 1262 632 Hecubae.
1325 589 1398 631 sed
1435 592 1484 631 ut
1515 589 1624 631 illim

95 720 326 762 Blanditiis
360 721 519 762 exemit
551 723 595 761 et
624 720 840 775 persuasit
871 735 916 762 se
947 722 996 761 ut
1027 719 1266 775 amitteret,
1342 661 1418 702 Ille
1451 675 1495 702 se

95 791 204 833 Item
233 793 313 847 ego
342 791 452 833 dolis
480 806 548 833 me
574 791 651 833 illo
680 791 816 833 extuli
849 806 870 832 e
902 790 1061 846 periclo
1094 793 1138 832 et
1168 789 1319 845 decepi
1343 805 1498 833 senem.
1560 802 1628 833 965

97 862 204 904 Post
235 866 332 904 clim
365 862 595 917 magnifico
628 861 787 916 milite,
826 862 954 904 urbes
994 862 1138 903 uerbis
1176 863 1249 918 qui
1273 863 1461 904 inermus
1495 863 1628 917 capit,

100 932 284 976 Conflsxi
317 937 445 988 atque
478 933 698 975 hominem
729 933 911 988 reppuli.
961 933 1060 974 dein
1086 935 1274 988 pugnam
1301 933 1500 975 conserui
1523 934 1630 975 seni:

98 1004 210 1046 Eum
245 1017 324 1059 ego
360 1003 465 1046 {ideo
498 1019 582 1046 uno
615 1004 836 1046 mendacio
870 1003 1026 1059 deusti,
1058 1019 1142 1046 uno
1175 1004 1264 1046 ictu
1295 1006 1539 1060 extempulo

101 1074 206 1130 Cepi
240 1075 390 1130 spolia.
452 1076 490 1117 is
522 1078 635 1117 minc
667 1076 872 1118 ducentos
904 1077 1102 1117 nummos
1136 1075 1362 1130 Philippos
1395 1074 1525 1118 militi

219 1145 335 1195 Quos
369 1146 468 1188 deire
501 1161 546 1188 se
576 1145 780 1202 promisit
811 1146 943 1188 dabit..
1556 1160 1625 1191 970

105 1293 219 1329 Hunc
244 1304 385 1328 versum
409 1293 562 1328 damnat
594 1292 794 1339 Lanyenus
828 1293 975 1328 ‘Philol
1002 1293 1247 1330 Rundschau'
1282 1295 1348 1330 vol.
1378 1296 1406 1329 I
1437 1298 1486 1340 (a.
1514 1299 1628 1339 1881)

101 1358 137 1392 p.
163 1349 234 1382 433
314 1349 394 1381 960.
422 1355 635 1391 TABELLAs
661 1347 698 1382 A
776 1356 991 1391 DETULHBI
1010 1348 1065 1382 A:
1090 1348 1242 1394 itemque
1260 1349 1402 1394 reliqui.
1429 1349 1551 1393 tetuli,
1577 1349 1630 1384 ibi

103 1411 172 1446 ego
193 1400 431 1435 Hermannus
451 1403 483 1435 et
503 1399 734 1435 Ritsehelius.
761 1400 874 1435 tetuli
893 1401 946 1436 ibi
965 1402 1180 1437 Acidalius:
1205 1414 1314 1447 quam
1333 1403 1555 1447 scripturam
1574 1407 1630 1438 tu-

98 1457 226 1488 tantur
252 1465 331 1489 cum
352 1454 420 1488 alii
445 1456 522 1488 tum
548 1453 809 1488 Lachmannus
834 1454 874 1489 in
901 1455 1013 1504 Lucr.
1037 1467 1076 1500 p.
1104 1458 1177 1491 387
1268 1459 1348 1491 961.
1375 1465 1460 1491 CUM
1485 1457 1521 1491 A
1548 1468 1629 1492 cum

103 1508 254 1552 reliquis
349 1515 635 1542 MNESILOCHUS
662 1508 696 1541 A
794 1516 1034 1552 Uxoizmcssss
1061 1508 1098 1543 A
1195 1508 1357 1543 Ceterum
1387 1521 1419 1544 υ.
1452 1511 1633 1555 expunxit

101 1564 246 1597 auctore
284 1561 563 1596 TVilamowiteio
601 1561 849 1606 Kiesslinyius
888 1563 909 1597 l.
941 1573 969 1597 s.
1001 1573 1048 1597 s.:
1085 1562 1245 1605 defendit
1284 1562 1482 1607 Lanyenus
1510 1575 1548 1608 p.
1584 1566 1631 1598 35

243 1617 322 1649 962.
361 1613 420 1648 Ab
455 1613 522 1648 hoc
551 1625 583 1648 v.
617 1614 736 1657 deficit
768 1614 805 1649 A
948 1614 1012 1650 uix
1043 1626 1101 1650 me
1134 1614 1276 1650 exsolui
1301 1615 1393 1660 BG,
1429 1617 1504 1652 nisi
1536 1619 1632 1662 quod

99 1679 176 1702 una
213 1667 336 1702 littera
380 1678 484 1702 erasa
521 1670 606 1702 ante
650 1666 793 1702 exsolui
830 1669 871 1703 in
911 1668 948 1704 0.
999 1670 1058 1702 1‘1’1e
1096 1665 1160 1702 iiix
1203 1668 1330 1704 &solui
1368 1669 1441 1705 13¹.-
1485 1683 1507 1705 x
1550 1682 1631 1716 sup.

101 1721 130 1755 &
161 1721 248 1756 add.
275 1720 349 1755 13².-
387 1721 495 1756 etiam
533 1731 552 1755 e
592 1724 676 1755 ante
712 1733 736 1755 x
773 1722 857 1758 add.
890 1721 957 1758 D3.
1002 1733 1060 1756 me
1098 1721 1261 1756 iniunxit
1292 1721 1388 1757 solui
1426 1723 1522 1767 FZ,
1554 1725 1630 1760 cod.

102 1773 340 1819 Sehobinqeri
459 1773 665 1819 periculum
694 1774 776 1809 FZ
893 1774 1066 1810 adsimilo
1093 1775 1179 1810 libri·
1299 1776 1464 1821 ulyssem
1492 1777 1526 1810 Z

101 1828 296 1872 predicant
321 1827 443 1862 BOF
538 1832 617 1864 963.
646 1832 725 1864 964.
764 1828 964 1864 Trochaeos
989 1829 1152 1872 defendit
1177 1828 1449 1865 Studemundus
1474 1831 1516 1865 de
1536 1834 1630 1865 cant.

102 1892 142 1926 p.
169 1884 236 1916 76⁸.-
262 1893 363 1926 quem
387 1882 501 1917 secuti
524 1884 611 1916 sunt
636 1881 886 1926 Kiesslinyius
912 1883 932 1917 l.
960 1893 986 1917 s.
1014 1893 1062 1926 s.,
1087 1883 1373 1918 Braclzmannus
1398 1895 1439 1928 p.
1465 1887 1550 1919 102.
1585 1885 1630 1928 cf.

105 1934 307 1970 Muellerus
335 1934 440 1970 Pros.
462 1946 502 1979 p.
529 1938 604 1970 172
624 1946 694 1979 sq„
719 1935 873 1971 Nachtr.
895 1947 933 1980 p.
956 1940 1015 1971 69.
1042 1937 1181 1970 iambos
1206 1937 1394 1982 discripsit
1411 1937 1633 1973 Bitschelius

197 1992 276 2023 963.
306 1988 362 2022 Ab
388 1987 533 2023 Helena
558 1988 750 2033 cognitum
776 1999 857 2023 cum
882 1989 1056 2024 Acidalio
1082 1989 1304 2024 Ritschelius
1419 1990 1556 2037 eccube
1583 1992 1630 2027 B.

103 2041 239 2076 eccube
268 2040 353 2077 OD.
391 2042 556 2077 heccube
584 2041 624 2075 F
765 2041 861 2076 illim
895 2041 1092 2088 Seyffertus
1124 2043 1167 2078 de
1199 2043 1317 2078 bacch.
1351 2054 1438 2079 vers.
1472 2045 1556 2079 thes
1590 2044 1631 2090 V,

107 2094 309 2129 Muellerus
332 2094 438 2130 Pros.
453 2106 492 2140 p.
515 2097 601 2138 172,
620 2095 874 2140 Kiesslinyius.
896 2094 985 2130 olim
1006 2096 1105 2139 libri,
1127 2095 1349 2132 Ritsclielius
1422 2101 1501 2134 964.
1521 2097 1634 2132 Blan-

104 2147 209 2182 diciis
227 2147 391 2183 BODZ
484 2148 531 2183 ab
557 2159 603 2183 ea
628 2148 766 2184 exemit
784 2149 873 2184 duce
895 2149 1037 2195 Pylade
1062 2149 1309 2185 Hermannus.
1337 2150 1382 2184 ab
1403 2149 1470 2186 illa
1496 2151 1634 2186 exemit

103 2200 322 2236 Ritschelius
393 2201 588 2246 persuadit
612 2201 652 2235 D
726 2202 778 2247 et]
807 2202 845 2237 et
871 2202 905 2236 ei
931 2202 1129 2248 ›S'eyffertus
1150 2203 1171 2237 l.
1192 2213 1219 2237 s.
1240 2214 1267 2238 s.
1342 2205 1384 2238 ut
1404 2215 1442 2238 se
1462 2205 1633 2250 Pylades,

105 2254 342 2290 Hermannus
462 2258 541 2290 965.
569 2255 648 2300 1123&
670 2255 707 2289 B
826 2255 892 2290 ilio
920 2255 995 2290 BG
1113 2256 1228 2290 extuli
1253 2257 1482 2293 Dissaldeus.
1509 2258 1635 2303 expuli

105 2307 191 2342 libri
287 2308 448 2353 epericlo
475 2307 523 2342 D.
552 2319 570 2343 e
596 2308 737 2352 periclo
767 2308 802 2343 O.
831 2320 850 2343 e
876 2309 1042 2353 periculo
1071 2309 1157 2343 FZ.
1185 2309 1351 2354 periculo
1376 2310 1413 2344 B
1510 2311 1633 2356 decipi

105 2360 176 2396 D¹:
213 2372 305 2397 corr.
340 2362 397 2396 D³
542 2365 621 2396 966.
661 2361 752 2397 Post
791 2373 871 2397 cum
906 2363 1077 2398 Acidalio
1123 2363 1356 2400 Ritsclielius.
1401 2365 1511 2400 Poste
1549 2365 1633 2400 CI).

106 2414 275 2460 Postvea
305 2415 351 2449 B.
387 2415 545 2460 posthec
577 2414 624 2449 F.
656 2415 859 2458 posthaec
887 2416 936 2450 Z:
972 2416 1018 2459 cf.
1048 2416 1176 2461 Opusc.
1212 2417 1279 2452 vol.
1307 2417 1364 2450 II
1390 2428 1427 2461 p.
1464 2421 1546 2452 543.
1579 2417 1634 2451 Ibi

106 2467 354 2514 Kiesslinqius
377 2479 482 2504 versu
507 2470 729 2513 transposito
859 2468 1012 2504 inermis
1040 2470 1075 2503 Z
1200 2474 1278 2504 967.
1307 2468 1460 2504 conflixi
1486 2470 1632 2505 BssFZ.

109 2519 267 2556 Confixit
291 2521 429 2556 B¹0D
562 2525 641 2556 968.
676 2523 767 2557 Eum
802 2533 870 2567 ego
904 2522 997 2557 adeo
1030 2534 1104 2558 uno
1130 2523 1285 2558 B²DR
1326 2524 1416 2558 Cum
1443 2534 1512 2568 ego
1539 2524 1632 2558 adeo

111 2584 182 2608 uno
208 2575 354 2610 B16‘Z.
380 2573 474 2609 Eum
501 2574 595 2610 adeo
620 2586 693 2610 uno
721 2586 790 2620 ego
817 2575 1054 2611 Hcrmannus
1175 2577 1366 2611 mendatio
1392 2577 1469 2611 BG
1574 2589 1633 2611 ex—

110 2627 249 2672 templo
281 2627 361 2662 FZ
503 2631 581 2663 969.
617 2628 678 2663 Sic
710 2630 880 2673 discripsi
913 2641 993 2665 cum
1025 2630 1274 2666 Studemundo
1307 2631 1350 2665 de
1381 2633 1476 2665 cant.
1503 2642 1542 2674 p.
1575 2634 1634 2673 711,

110 2680 298 2725 Spenyelio
332 2680 372 2715 T.
408 2681 529 2716 Mace.
572 2680 632 2716 Pl.
668 2693 706 2726 p.
740 2685 830 2726 139,
868 2683 1091 2728 Kiesslinfjio
1130 2685 1151 2720 l.
1179 2695 1206 2719 s.
1233 2694 1281 2718 s..·
1318 2684 1512 2717 iambicum
1549 2683 1634 2725 fecit

112 2731 330 2769 Ritsehezius
356 2734 449 2779 Cepi
476 2734 522 2770 ab
549 2744 592 2769 eo
618 2735 777 2770 scribens
802 2737 891 2771 duce
916 2736 1132 2771 Hermanno
1160 2737 1262 2781 (Ego
1289 2736 1389 2780 cepi)
1519 2734 1632 2780 Coepi

111 2782 239 2821 BOD.
267 2786 381 2831 Caepi
407 2787 441 2821 Z
578 2790 657 2822 970.
687 2787 762 2823 ‘Sic
787 2788 884 2824 hunc
909 2791 1126 2825 versiculum
1151 2790 1368 2833 sinyillatim
1388 2790 1633 2833 perscriptum

113 2847 185 2873 non
215 2839 250 2873 B
283 2842 443 2884 tantum,
475 2840 536 2875 sed
571 2840 644 2874 OD
675 2852 822 2886 quoque.
858 2842 968 2888 Quem
1000 2844 1167 2878 mutilum
1201 2853 1271 2877 esse
1303 2853 1422 2876 censeo
1448 2843 1634 2886 deperdita

110 2896 216 2935 parte
253 2894 369 2928 altera
407 2904 498 2937 quae
524 2894 648 2938 potuit
679 2895 811 2930 similis
848 2906 918 2931 esse
950 2907 992 2931 ae
1026 2907 1056 2931 v.
1091 2898 1165 2929 842
1198 2895 1252 2929 ita
1282 2906 1340 2929 res
1373 2894 1552 2929 successit
1582 2895 1633 2928 mi

116 2954 230 2988 usque
257 2945 389 2982 adhuc.
416 2958 496 2981 cum
520 2948 701 2991 proximis
733 2949 786 2983 sic
811 2950 1044 2985 concinnavit
1070 2949 1323 2985 Iler-mannus:
1356 2947 1453 2989 Quos
1480 2949 1567 2983 dare
1594 2959 1632 2984 se
