<?xml version="1.0" encoding="UTF-8"?>
<!DOCTYPE html PUBLIC "-//W3C//DTD XHTML 1.0 Transitional//EN"
    "http://www.w3.org/TR/xhtml1/DTD/xhtml1-transitional.dtd">
<html xmlns="http://www.w3.org/1999/xhtml" xml:lang="en" lang="en">
 <head>
  <title>
</title>
<meta http-equiv="Content-Type" content="text/html;charset=utf-8" />
  <meta name='ocr-system' content='tesseract 3.04.00' />
  <meta name='ocr-capabilities' content='ocr_page ocr_carea ocr_par ocr_line ocrx_word'/>
</head>
<body>
  <div class='ocr_page' id='page_1' title='image "./comoediaerecensv03plauuoft_0946.png"; bbox 0 0 1946 3344; ppageno 0'>
   <div class='ocr_carea' id='block_1_1' title="bbox 312 167 1842 213">
    <p class='ocr_par' dir='ltr' id='par_1_1' title="bbox 312 167 1842 213">
     <span class='ocr_line' id='line_1_1' title="bbox 312 167 1842 213; baseline -0.004 -6"><span class='ocrx_word' id='word_1_1' title='bbox 312 172 333 212; x_wconf 89' lang='lat'>1</span> <span class='ocrx_word' id='word_1_2' title='bbox 341 171 398 213; x_wconf 88' lang='grc'>60</span> <span class='ocrx_word' id='word_1_3' title='bbox 954 167 1201 203; x_wconf 83' lang='lat' dir='ltr'>APPENDIX</span> <span class='ocrx_word' id='word_1_4' title='bbox 1653 170 1842 203; x_wconf 80' lang='lat'>287—300</span> 
     </span>
    </p>
   </div>
   <div class='ocr_carea' id='block_1_2' title="bbox 308 274 1845 323">
    <p class='ocr_par' dir='ltr' id='par_1_2' title="bbox 308 274 1845 323">
     <span class='ocr_line' id='line_1_2' title="bbox 308 274 1845 323; baseline -0.005 -9"><span class='ocrx_word' id='word_1_5' title='bbox 308 291 340 315; x_wconf 81' lang='lat' dir='ltr'>v.</span> <span class='ocrx_word' id='word_1_6' title='bbox 356 281 428 313; x_wconf 87' lang='lat'>317</span> <span class='ocrx_word' id='word_1_7' title='bbox 440 289 489 323; x_wconf 86' lang='lat' dir='ltr'>sq.</span> <span class='ocrx_word' id='word_1_8' title='bbox 529 278 586 312; x_wconf 88' lang='lat' dir='ltr'>De</span> <span class='ocrx_word' id='word_1_9' title='bbox 613 288 644 312; x_wconf 84' lang='lat' dir='ltr'>v.</span> <span class='ocrx_word' id='word_1_10' title='bbox 666 280 733 311; x_wconf 83' lang='grc'>287</span> <span class='ocrx_word' id='word_1_11' title='bbox 756 287 823 320; x_wconf 83' lang='lat' dir='ltr'>per</span> <span class='ocrx_word' id='word_1_12' title='bbox 849 276 1009 311; x_wconf 84' lang='lat' dir='ltr'>ironiam</span> <span class='ocrx_word' id='word_1_13' title='bbox 1027 275 1246 320; x_wconf 76' lang='lat' dir='ltr'>explicando</span> <span class='ocrx_word' id='word_1_14' title='bbox 1263 275 1470 310; x_wconf 78' lang='lat' dir='ltr'>hariolatnr</span> <span class='ocrx_word' id='word_1_15' title='bbox 1489 274 1643 309; x_wconf 81' lang='lat' dir='ltr'>Rostins</span> <span class='ocrx_word' id='word_1_16' title='bbox 1664 274 1793 319; x_wconf 80' lang='lat' dir='ltr'>Opnsc.</span> <span class='ocrx_word' id='word_1_17' title='bbox 1817 274 1845 307; x_wconf 91' lang='lat' dir='ltr'><strong><em>I</em></strong></span> 
     </span>
    </p>
   </div>
   <div class='ocr_carea' id='block_1_3' title="bbox 304 326 1842 479">
    <p class='ocr_par' dir='ltr' id='par_1_3' title="bbox 304 326 1842 479">
     <span class='ocr_line' id='line_1_3' title="bbox 304 326 1842 376; baseline -0.003 -10"><span class='ocrx_word' id='word_1_18' title='bbox 304 344 343 376; x_wconf 82' lang='lat' dir='ltr'>p.</span> <span class='ocrx_word' id='word_1_19' title='bbox 374 335 444 366; x_wconf 87' lang='lat'>193</span> <span class='ocrx_word' id='word_1_20' title='bbox 458 343 507 376; x_wconf 81' lang='lat' dir='ltr'>sq.</span> <span class='ocrx_word' id='word_1_21' title='bbox 536 351 579 356; x_wconf 94' lang='lat'>-—</span> <span class='ocrx_word' id='word_1_22' title='bbox 614 331 655 365; x_wconf 85' lang='lat' dir='ltr'>V.</span> <span class='ocrx_word' id='word_1_23' title='bbox 683 333 750 364; x_wconf 87' lang='grc'>288</span> <span class='ocrx_word' id='word_1_24' title='bbox 777 328 882 364; x_wconf 88' lang='grc' dir='ltr'>ΜΕΝ.</span> <span class='ocrx_word' id='word_1_25' title='bbox 909 329 1016 363; x_wconf 88' lang='lat' dir='ltr'>Nunc</span> <span class='ocrx_word' id='word_1_26' title='bbox 1043 328 1244 363; x_wconf 76' lang='lat' dir='ltr'>obsonator</span> <span class='ocrx_word' id='word_1_27' title='bbox 1269 328 1361 362; x_wconf 85' lang='lat' dir='ltr'>adeo</span> <span class='ocrx_word' id='word_1_28' title='bbox 1388 328 1569 373; x_wconf 81' lang='lat' dir='ltr'>responde</span> <span class='ocrx_word' id='word_1_29' title='bbox 1597 326 1689 362; x_wconf 85' lang='lat' dir='ltr'>mihi</span> <span class='ocrx_word' id='word_1_30' title='bbox 1714 328 1842 362; x_wconf 87' lang='lat' dir='ltr'>Aleia-</span> 
     </span>
     <span class='ocr_line' id='line_1_4' title="bbox 309 382 773 429; baseline -0.004 -11"><span class='ocrx_word' id='word_1_31' title='bbox 309 388 367 418; x_wconf 78' lang='lat' dir='ltr'>tns</span> <span class='ocrx_word' id='word_1_32' title='bbox 390 395 534 429; x_wconf 73' lang='lat' dir='ltr'>parerq.</span> <span class='ocrx_word' id='word_1_33' title='bbox 556 384 627 417; x_wconf 75' lang='lat' dir='ltr'>iar.</span> <span class='ocrx_word' id='word_1_34' title='bbox 658 382 699 416; x_wconf 91' lang='grc' dir='ltr'>Χ</span> <span class='ocrx_word' id='word_1_35' title='bbox 717 385 773 416; x_wconf 79' lang='grc'>14.</span> 
     </span>
     <span class='ocr_line' id='line_1_5' title="bbox 428 433 1840 479; baseline -0.002 -9"><span class='ocrx_word' id='word_1_36' title='bbox 428 440 507 470; x_wconf 87' lang='grc'>290.</span> <span class='ocrx_word' id='word_1_37' title='bbox 535 435 639 470; x_wconf 83' lang='lat' dir='ltr'>Sacri</span> <span class='ocrx_word' id='word_1_38' title='bbox 654 434 864 479; x_wconf 75' lang='lat' dir='ltr'>Scutarins,</span> <span class='ocrx_word' id='word_1_39' title='bbox 891 435 1019 469; x_wconf 72' lang='lat' dir='ltr'>Sam-es</span> <span class='ocrx_word' id='word_1_40' title='bbox 1048 434 1268 478; x_wconf 77' lang='lat' dir='ltr'>Saracenas,</span> <span class='ocrx_word' id='word_1_41' title='bbox 1294 435 1397 470; x_wconf 75' lang='lat' dir='ltr'>Pius.</span> <span class='ocrx_word' id='word_1_42' title='bbox 1428 455 1463 459; x_wconf 67' lang='lat'><em>-</em></span> <span class='ocrx_word' id='word_1_43' title='bbox 1497 433 1642 477; x_wconf 76' lang='lat' dir='ltr'>sinceri,</span> <span class='ocrx_word' id='word_1_44' title='bbox 1668 444 1840 468; x_wconf 85' lang='lat' dir='ltr'>nummos</span> 
     </span>
    </p>
   </div>
   <div class='ocr_carea' id='block_1_4' title="bbox 307 486 1852 2931">
    <p class='ocr_par' dir='ltr' id='par_1_4' title="bbox 310 486 1843 746">
     <span class='ocr_line' id='line_1_6' title="bbox 311 486 1842 531; baseline -0.003 -6"><span class='ocrx_word' id='word_1_45' title='bbox 311 502 372 525; x_wconf 84' lang='lat' dir='ltr'>eos</span> <span class='ocrx_word' id='word_1_46' title='bbox 399 501 420 523; x_wconf 88' lang='lat' dir='ltr'>a</span> <span class='ocrx_word' id='word_1_47' title='bbox 445 501 503 523; x_wconf 89' lang='lat' dir='ltr'>me</span> <span class='ocrx_word' id='word_1_48' title='bbox 533 489 778 524; x_wconf 77' lang='lat' dir='ltr'><em>Camerarius.</em></span> <span class='ocrx_word' id='word_1_49' title='bbox 811 486 969 522; x_wconf 82' lang='lat' dir='ltr'>sinceri?</span> <span class='ocrx_word' id='word_1_50' title='bbox 1002 487 1066 523; x_wconf 76' lang='grc' dir='ltr'>ΟΥ.</span> <span class='ocrx_word' id='word_1_51' title='bbox 1100 499 1261 523; x_wconf 88' lang='lat' dir='ltr'>nummo.</span> <span class='ocrx_word' id='word_1_52' title='bbox 1296 487 1401 523; x_wconf 89' lang='grc' dir='ltr'>ΜΕΝ.</span> <span class='ocrx_word' id='word_1_53' title='bbox 1436 499 1520 522; x_wconf 88' lang='lat' dir='ltr'>eum</span> <span class='ocrx_word' id='word_1_54' title='bbox 1547 499 1568 522; x_wconf 91' lang='lat' dir='ltr'>a</span> <span class='ocrx_word' id='word_1_55' title='bbox 1592 499 1651 522; x_wconf 89' lang='lat' dir='ltr'>me</span> <span class='ocrx_word' id='word_1_56' title='bbox 1690 487 1842 531; x_wconf 79' lang='lat' dir='ltr'>Lipsius</span> 
     </span>
     <span class='ocr_line' id='line_1_7' title="bbox 310 539 1843 585; baseline -0.003 -7"><span class='ocrx_word' id='word_1_57' title='bbox 310 544 399 578; x_wconf 89' lang='lat' dir='ltr'>Ant.</span> <span class='ocrx_word' id='word_1_58' title='bbox 426 543 500 577; x_wconf 82' lang='lat' dir='ltr'>lect.</span> <span class='ocrx_word' id='word_1_59' title='bbox 529 542 581 575; x_wconf 90' lang='lat' dir='ltr'>II</span> <span class='ocrx_word' id='word_1_60' title='bbox 602 545 659 576; x_wconf 88' lang='lat'>13.</span> <span class='ocrx_word' id='word_1_61' title='bbox 686 541 844 576; x_wconf 77' lang='lat' dir='ltr'>sinceri?</span> <span class='ocrx_word' id='word_1_62' title='bbox 873 540 936 575; x_wconf 77' lang='grc' dir='ltr'>ΟΥ.</span> <span class='ocrx_word' id='word_1_63' title='bbox 964 551 1115 575; x_wconf 89' lang='lat' dir='ltr'>nummo</span> <span class='ocrx_word' id='word_1_64' title='bbox 1142 551 1226 574; x_wconf 89' lang='lat' dir='ltr'>uno.</span> <span class='ocrx_word' id='word_1_65' title='bbox 1253 540 1357 574; x_wconf 87' lang='grc' dir='ltr'>ΜΕΝ.</span> <span class='ocrx_word' id='word_1_66' title='bbox 1382 550 1427 574; x_wconf 88' lang='lat' dir='ltr'>en</span> <span class='ocrx_word' id='word_1_67' title='bbox 1452 551 1474 573; x_wconf 85' lang='lat' dir='ltr'>a</span> <span class='ocrx_word' id='word_1_68' title='bbox 1499 551 1558 574; x_wconf 88' lang='lat' dir='ltr'>me</span> <span class='ocrx_word' id='word_1_69' title='bbox 1587 539 1728 585; x_wconf 77' lang='lat' dir='ltr'>Pylade</span> <span class='ocrx_word' id='word_1_70' title='bbox 1753 539 1843 573; x_wconf 79' lang='lat' dir='ltr'>duce</span> 
     </span>
     <span class='ocr_line' id='line_1_8' title="bbox 310 593 1842 637; baseline -0.003 -6"><span class='ocrx_word' id='word_1_71' title='bbox 310 596 516 631; x_wconf 78' lang='lat' dir='ltr'>Acidalius.</span> <span class='ocrx_word' id='word_1_72' title='bbox 545 595 708 629; x_wconf 81' lang='lat' dir='ltr'>sinceri?</span> <span class='ocrx_word' id='word_1_73' title='bbox 736 593 800 628; x_wconf 76' lang='grc' dir='ltr'>ΟΥ.</span> <span class='ocrx_word' id='word_1_74' title='bbox 822 605 945 628; x_wconf 88' lang='lat' dir='ltr'>numo.</span> <span class='ocrx_word' id='word_1_75' title='bbox 972 593 1080 628; x_wconf 88' lang='grc' dir='ltr'>ΜΕΝ.</span> <span class='ocrx_word' id='word_1_76' title='bbox 1103 605 1255 628; x_wconf 84' lang='lat' dir='ltr'>numum</span> <span class='ocrx_word' id='word_1_77' title='bbox 1283 605 1305 628; x_wconf 89' lang='lat' dir='ltr'>a</span> <span class='ocrx_word' id='word_1_78' title='bbox 1330 603 1390 628; x_wconf 84' lang='lat' dir='ltr'>me</span> <span class='ocrx_word' id='word_1_79' title='bbox 1409 593 1575 628; x_wconf 59' lang='lat' dir='ltr'>Bonitus.</span> <span class='ocrx_word' id='word_1_80' title='bbox 1626 593 1736 627; x_wconf 85' lang='lat' dir='ltr'>Nihil</span> <span class='ocrx_word' id='word_1_81' title='bbox 1755 603 1842 637; x_wconf 84' lang='lat' dir='ltr'>pro-</span> 
     </span>
     <span class='ocr_line' id='line_1_9' title="bbox 310 645 1842 693; baseline -0.003 -10"><span class='ocrx_word' id='word_1_82' title='bbox 310 650 396 693; x_wconf 76' lang='lat' dir='ltr'>fecit</span> <span class='ocrx_word' id='word_1_83' title='bbox 421 649 580 682; x_wconf 75' lang='lat' dir='ltr'>Brixins</span> <span class='ocrx_word' id='word_1_84' title='bbox 608 649 753 693; x_wconf 71' lang='lat' dir='ltr'>Quaest.</span> <span class='ocrx_word' id='word_1_85' title='bbox 776 659 816 691; x_wconf 89' lang='lat' dir='ltr'>p.</span> <span class='ocrx_word' id='word_1_86' title='bbox 844 651 901 682; x_wconf 86' lang='lat'>35.</span> <span class='ocrx_word' id='word_1_87' title='bbox 930 646 1088 681; x_wconf 81' lang='lat' dir='ltr'>sinceri?</span> <span class='ocrx_word' id='word_1_88' title='bbox 1117 645 1181 681; x_wconf 79' lang='grc' dir='ltr'>ΟΥ.</span> <span class='ocrx_word' id='word_1_89' title='bbox 1214 647 1385 682; x_wconf 88' lang='lat' dir='ltr'>nummis.</span> <span class='ocrx_word' id='word_1_90' title='bbox 1412 647 1518 681; x_wconf 83' lang='lat' dir='ltr'>MEN.</span> <span class='ocrx_word' id='word_1_91' title='bbox 1547 645 1709 690; x_wconf 88' lang='lat' dir='ltr'>quinque</span> <span class='ocrx_word' id='word_1_92' title='bbox 1737 657 1759 680; x_wconf 89' lang='lat' dir='ltr'>a</span> <span class='ocrx_word' id='word_1_93' title='bbox 1783 656 1842 679; x_wconf 86' lang='lat' dir='ltr'>me</span> 
     </span>
     <span class='ocr_line' id='line_1_10' title="bbox 311 703 678 746; baseline -0.005 -8"><span class='ocrx_word' id='word_1_94' title='bbox 311 703 514 746; x_wconf 80' lang='lat' dir='ltr'>Bentleins,</span> <span class='ocrx_word' id='word_1_95' title='bbox 541 706 581 736; x_wconf 79' lang='lat' dir='ltr'>ut</span> <span class='ocrx_word' id='word_1_96' title='bbox 605 703 678 737; x_wconf 77' lang='lat' dir='ltr'>vicl.</span> 
     </span>
    </p>

    <p class='ocr_par' dir='ltr' id='par_1_5' title="bbox 307 750 1847 1493">
     <span class='ocr_line' id='line_1_11' title="bbox 430 750 1847 801; baseline -0.004 -11"><span class='ocrx_word' id='word_1_97' title='bbox 430 760 497 790; x_wconf 88' lang='grc'>292</span> <span class='ocrx_word' id='word_1_98' title='bbox 512 767 583 801; x_wconf 85' lang='lat' dir='ltr'>sqq.</span> <span class='ocrx_word' id='word_1_99' title='bbox 611 755 708 790; x_wconf 86' lang='lat' dir='ltr'>Nam</span> <span class='ocrx_word' id='word_1_100' title='bbox 731 757 735 798; x_wconf 79' lang='grc'>1</span> <span class='ocrx_word' id='word_1_101' title='bbox 758 754 930 798; x_wconf 85' lang='lat' dir='ltr'>equidem</span> <span class='ocrx_word' id='word_1_102' title='bbox 956 754 1127 789; x_wconf 86' lang='lat' dir='ltr'>insanum</span> <span class='ocrx_word' id='word_1_103' title='bbox 1145 754 1398 789; x_wconf 67' lang='lat' dir='ltr'>Fleckeisenns</span> <span class='ocrx_word' id='word_1_104' title='bbox 1430 753 1568 788; x_wconf 85' lang='lat' dir='ltr'>Annal.</span> <span class='ocrx_word' id='word_1_105' title='bbox 1596 750 1847 796; x_wconf 74' lang='lat' dir='ltr'>pliilol.LXI</span> 
     </span>
     <span class='ocr_line' id='line_1_12' title="bbox 307 804 1843 855; baseline -0.005 -10"><span class='ocrx_word' id='word_1_106' title='bbox 307 822 345 855; x_wconf 85' lang='lat' dir='ltr'>p.</span> <span class='ocrx_word' id='word_1_107' title='bbox 383 813 428 845; x_wconf 80' lang='lat'>51</span> <span class='ocrx_word' id='word_1_108' title='bbox 468 810 676 853; x_wconf 70' lang='lat' dir='ltr'>obloquente</span> <span class='ocrx_word' id='word_1_109' title='bbox 704 808 862 843; x_wconf 71' lang='lat' dir='ltr'>Luclzsio</span> <span class='ocrx_word' id='word_1_110' title='bbox 887 808 1047 842; x_wconf 79' lang='lat' dir='ltr'>Hermae</span> <span class='ocrx_word' id='word_1_111' title='bbox 1087 807 1148 841; x_wconf 90' lang='lat' dir='ltr'>VI</span> <span class='ocrx_word' id='word_1_112' title='bbox 1180 819 1215 852; x_wconf 86' lang='lat' dir='ltr'>p.</span> <span class='ocrx_word' id='word_1_113' title='bbox 1241 810 1316 842; x_wconf 77' lang='lat'>267</span> <span class='ocrx_word' id='word_1_114' title='bbox 1329 818 1377 852; x_wconf 86' lang='lat' dir='ltr'>sq.</span> <span class='ocrx_word' id='word_1_115' title='bbox 1406 807 1492 841; x_wconf 80' lang='lat' dir='ltr'>adn.</span> <span class='ocrx_word' id='word_1_116' title='bbox 1527 806 1651 850; x_wconf 75' lang='lat' dir='ltr'>(simul</span> <span class='ocrx_word' id='word_1_117' title='bbox 1687 804 1843 849; x_wconf 76' lang='lat' dir='ltr'>Spenqe-</span> 
     </span>
     <span class='ocr_line' id='line_1_13' title="bbox 311 857 1842 907; baseline -0.004 -10"><span class='ocrx_word' id='word_1_118' title='bbox 311 865 401 898; x_wconf 80' lang='lat' dir='ltr'>lium</span> <span class='ocrx_word' id='word_1_119' title='bbox 447 863 487 898; x_wconf 87' lang='lat' dir='ltr'>T.</span> <span class='ocrx_word' id='word_1_120' title='bbox 524 863 579 897; x_wconf 82' lang='lat' dir='ltr'>M.</span> <span class='ocrx_word' id='word_1_121' title='bbox 612 862 655 897; x_wconf 91' lang='lat' dir='ltr'>P.</span> <span class='ocrx_word' id='word_1_122' title='bbox 684 873 723 907; x_wconf 84' lang='lat' dir='ltr'>p.</span> <span class='ocrx_word' id='word_1_123' title='bbox 750 865 821 896; x_wconf 81' lang='lat'>193</span> <span class='ocrx_word' id='word_1_124' title='bbox 851 862 1044 905; x_wconf 71' lang='lat' dir='ltr'>refutans).</span> <span class='ocrx_word' id='word_1_125' title='bbox 1096 861 1192 895; x_wconf 85' lang='lat' dir='ltr'>Nam</span> <span class='ocrx_word' id='word_1_126' title='bbox 1226 861 1396 905; x_wconf 82' lang='lat' dir='ltr'>equidem</span> <span class='ocrx_word' id='word_1_127' title='bbox 1430 859 1561 903; x_wconf 83' lang='lat' dir='ltr'>edepol</span> <span class='ocrx_word' id='word_1_128' title='bbox 1594 858 1764 893; x_wconf 86' lang='lat' dir='ltr'>insanum</span> <span class='ocrx_word' id='word_1_129' title='bbox 1805 857 1842 892; x_wconf 82' lang='lat' dir='ltr'>&#39;R</span> 
     </span>
     <span class='ocr_line' id='line_1_14' title="bbox 313 912 1841 961; baseline -0.004 -10"><span class='ocrx_word' id='word_1_130' title='bbox 313 918 520 961; x_wconf 78' lang='lat' dir='ltr'>obloquente.</span> <span class='ocrx_word' id='word_1_131' title='bbox 552 927 595 950; x_wconf 76' lang='lat' dir='ltr'>ex</span> <span class='ocrx_word' id='word_1_132' title='bbox 626 917 662 949; x_wconf 90' lang='lat' dir='ltr'><strong><em>A</em></strong></span> <span class='ocrx_word' id='word_1_133' title='bbox 695 916 945 950; x_wconf 74' lang='lat' dir='ltr'>Stnclemunclo</span> <span class='ocrx_word' id='word_1_134' title='bbox 979 914 1117 949; x_wconf 87' lang='lat' dir='ltr'>Annal.</span> <span class='ocrx_word' id='word_1_135' title='bbox 1146 914 1237 958; x_wconf 80' lang='lat' dir='ltr'>phil.</span> <span class='ocrx_word' id='word_1_136' title='bbox 1268 912 1422 947; x_wconf 82' lang='lat' dir='ltr'><em>XCIII</em></span> <span class='ocrx_word' id='word_1_137' title='bbox 1438 924 1477 957; x_wconf 81' lang='lat' dir='ltr'>p.</span> <span class='ocrx_word' id='word_1_138' title='bbox 1507 914 1575 956; x_wconf 76' lang='lat'>62,</span> <span class='ocrx_word' id='word_1_139' title='bbox 1608 923 1651 946; x_wconf 75' lang='lat' dir='ltr'>eoe</span> <span class='ocrx_word' id='word_1_140' title='bbox 1676 922 1746 946; x_wconf 79' lang='lat' dir='ltr'>usu</span> <span class='ocrx_word' id='word_1_141' title='bbox 1769 920 1841 945; x_wconf 81' lang='lat' dir='ltr'>ser-</span> 
     </span>
     <span class='ocr_line' id='line_1_15' title="bbox 312 963 1842 1012; baseline -0.005 -8"><span class='ocrx_word' id='word_1_142' title='bbox 312 971 429 1005; x_wconf 80' lang='lat' dir='ltr'>monis</span> <span class='ocrx_word' id='word_1_143' title='bbox 455 970 614 1004; x_wconf 81' lang='lat' dir='ltr'>Lnehsio</span> <span class='ocrx_word' id='word_1_144' title='bbox 640 969 797 1003; x_wconf 79' lang='lat' dir='ltr'>Hermae</span> <span class='ocrx_word' id='word_1_145' title='bbox 827 968 953 1001; x_wconf 83' lang='lat' dir='ltr'><strong><em>XIII</em></strong></span> <span class='ocrx_word' id='word_1_146' title='bbox 971 979 1010 1012; x_wconf 86' lang='lat' dir='ltr'>p.</span> <span class='ocrx_word' id='word_1_147' title='bbox 1038 970 1112 1002; x_wconf 80' lang='lat'>499</span> <span class='ocrx_word' id='word_1_148' title='bbox 1127 978 1175 1011; x_wconf 90' lang='lat' dir='ltr'>sq.</span> <span class='ocrx_word' id='word_1_149' title='bbox 1226 967 1323 1001; x_wconf 80' lang='lat' dir='ltr'>Nam</span> <span class='ocrx_word' id='word_1_150' title='bbox 1349 966 1523 1010; x_wconf 86' lang='lat' dir='ltr'>equidem</span> <span class='ocrx_word' id='word_1_151' title='bbox 1548 966 1720 1000; x_wconf 84' lang='lat' dir='ltr'>insanum</span> <span class='ocrx_word' id='word_1_152' title='bbox 1745 963 1842 997; x_wconf 84' lang='lat' dir='ltr'>insa-</span> 
     </span>
     <span class='ocr_line' id='line_1_16' title="bbox 314 1016 1842 1068; baseline -0.004 -11"><span class='ocrx_word' id='word_1_153' title='bbox 314 1035 403 1057; x_wconf 87' lang='lat' dir='ltr'>num</span> <span class='ocrx_word' id='word_1_154' title='bbox 431 1023 627 1068; x_wconf 72' lang='lat' dir='ltr'>Seyffertus</span> <span class='ocrx_word' id='word_1_155' title='bbox 653 1022 758 1057; x_wconf 81' lang='lat' dir='ltr'>Stncl.</span> <span class='ocrx_word' id='word_1_156' title='bbox 786 1022 845 1055; x_wconf 88' lang='lat' dir='ltr'>Pl.</span> <span class='ocrx_word' id='word_1_157' title='bbox 867 1033 906 1065; x_wconf 90' lang='lat' dir='ltr'>p.</span> <span class='ocrx_word' id='word_1_158' title='bbox 933 1024 1065 1065; x_wconf 74' lang='grc'>2139,</span> <span class='ocrx_word' id='word_1_159' title='bbox 1097 1021 1162 1055; x_wconf 75' lang='lat' dir='ltr'>nbi</span> <span class='ocrx_word' id='word_1_160' title='bbox 1193 1020 1322 1054; x_wconf 86' lang='lat' dir='ltr'>insane</span> <span class='ocrx_word' id='word_1_161' title='bbox 1356 1020 1526 1054; x_wconf 86' lang='lat' dir='ltr'>insanum</span> <span class='ocrx_word' id='word_1_162' title='bbox 1558 1018 1759 1052; x_wconf 66' lang='lat' dir='ltr'>Loreneins</span> <span class='ocrx_word' id='word_1_163' title='bbox 1793 1016 1842 1051; x_wconf 79' lang='lat' dir='ltr'>ael</span> 
     </span>
     <span class='ocr_line' id='line_1_17' title="bbox 316 1071 1844 1119; baseline -0.005 -8"><span class='ocrx_word' id='word_1_164' title='bbox 316 1077 448 1111; x_wconf 76' lang='lat' dir='ltr'>Pseud.</span> <span class='ocrx_word' id='word_1_165' title='bbox 476 1087 506 1110; x_wconf 81' lang='lat' dir='ltr'>v.</span> <span class='ocrx_word' id='word_1_166' title='bbox 534 1078 629 1111; x_wconf 76' lang='lat'><em>1045</em></span> <span class='ocrx_word' id='word_1_167' title='bbox 662 1076 921 1119; x_wconf 76' lang='lat' dir='ltr'>Hasperasqne</span> <span class='ocrx_word' id='word_1_168' title='bbox 950 1074 1053 1118; x_wconf 66' lang='lat' dir='ltr'>‘phil</span> <span class='ocrx_word' id='word_1_169' title='bbox 1080 1073 1190 1107; x_wconf 52' lang='lat' dir='ltr'>Ans?</span> <span class='ocrx_word' id='word_1_170' title='bbox 1221 1072 1335 1107; x_wconf 90' lang='lat' dir='ltr'><strong><em>XIII</em></strong></span> <span class='ocrx_word' id='word_1_171' title='bbox 1350 1084 1389 1116; x_wconf 84' lang='lat' dir='ltr'>p.</span> <span class='ocrx_word' id='word_1_172' title='bbox 1418 1075 1466 1107; x_wconf 76' lang='lat'>32</span> <span class='ocrx_word' id='word_1_173' title='bbox 1479 1083 1527 1116; x_wconf 90' lang='lat' dir='ltr'>sq.</span> <span class='ocrx_word' id='word_1_174' title='bbox 1563 1072 1622 1115; x_wconf 86' lang='lat' dir='ltr'>(cf.</span> <span class='ocrx_word' id='word_1_175' title='bbox 1650 1071 1844 1105; x_wconf 81' lang='lat' dir='ltr'>Raebelins</span> 
     </span>
     <span class='ocr_line' id='line_1_18' title="bbox 314 1124 1844 1170; baseline -0.005 -5"><span class='ocrx_word' id='word_1_176' title='bbox 314 1132 356 1165; x_wconf 82' lang='lat' dir='ltr'>cle</span> <span class='ocrx_word' id='word_1_177' title='bbox 382 1141 452 1164; x_wconf 77' lang='lat' dir='ltr'>usn</span> <span class='ocrx_word' id='word_1_178' title='bbox 477 1130 662 1164; x_wconf 76' lang='lat' dir='ltr'>aclnomin.</span> <span class='ocrx_word' id='word_1_179' title='bbox 689 1129 741 1163; x_wconf 82' lang='lat' dir='ltr'>ecl.</span> <span class='ocrx_word' id='word_1_180' title='bbox 772 1128 861 1163; x_wconf 86' lang='lat' dir='ltr'>Hal.</span> <span class='ocrx_word' id='word_1_181' title='bbox 883 1139 915 1162; x_wconf 85' lang='lat' dir='ltr'>a.</span> <span class='ocrx_word' id='word_1_182' title='bbox 937 1130 1050 1170; x_wconf 71' lang='lat'><strong><em>1882,</em></strong></span> <span class='ocrx_word' id='word_1_183' title='bbox 1076 1127 1125 1161; x_wconf 78' lang='lat' dir='ltr'>ad</span> <span class='ocrx_word' id='word_1_184' title='bbox 1151 1126 1283 1170; x_wconf 72' lang='lat' dir='ltr'>Amph.</span> <span class='ocrx_word' id='word_1_185' title='bbox 1311 1138 1342 1160; x_wconf 81' lang='lat' dir='ltr'>v.</span> <span class='ocrx_word' id='word_1_186' title='bbox 1369 1126 1473 1170; x_wconf 84' lang='grc'><em>813),</em></span> <span class='ocrx_word' id='word_1_187' title='bbox 1500 1124 1776 1159; x_wconf 78' lang='lat' dir='ltr'>insanissimum</span> <span class='ocrx_word' id='word_1_188' title='bbox 1799 1125 1844 1167; x_wconf 78' lang='lat' dir='ltr'>(J)</span> 
     </span>
     <span class='ocr_line' id='line_1_19' title="bbox 322 1178 1843 1226; baseline -0.005 -9"><span class='ocrx_word' id='word_1_189' title='bbox 322 1183 537 1218; x_wconf 68' lang='lat' dir='ltr'>Weidnems</span> <span class='ocrx_word' id='word_1_190' title='bbox 562 1182 656 1217; x_wconf 79' lang='lat' dir='ltr'>Adv.</span> <span class='ocrx_word' id='word_1_191' title='bbox 678 1193 717 1226; x_wconf 89' lang='lat' dir='ltr'>p.</span> <span class='ocrx_word' id='word_1_192' title='bbox 745 1185 791 1216; x_wconf 72' lang='lat'>45</span> <span class='ocrx_word' id='word_1_193' title='bbox 817 1186 848 1216; x_wconf 85' lang='lat' dir='ltr'>et</span> <span class='ocrx_word' id='word_1_194' title='bbox 879 1181 1018 1215; x_wconf 73' lang='lat' dir='ltr'>Ortions</span> <span class='ocrx_word' id='word_1_195' title='bbox 1053 1181 1074 1215; x_wconf 94' lang='lat' dir='ltr'>l.</span> <span class='ocrx_word' id='word_1_196' title='bbox 1101 1191 1128 1214; x_wconf 88' lang='lat' dir='ltr'>s.</span> <span class='ocrx_word' id='word_1_197' title='bbox 1155 1190 1181 1214; x_wconf 78' lang='lat' dir='ltr'>s,</span> <span class='ocrx_word' id='word_1_198' title='bbox 1203 1190 1243 1223; x_wconf 68' lang='lat' dir='ltr'>p,</span> <span class='ocrx_word' id='word_1_199' title='bbox 1272 1181 1329 1214; x_wconf 84' lang='lat'>39.</span> <span class='ocrx_word' id='word_1_200' title='bbox 1380 1179 1473 1213; x_wconf 78' lang='lat' dir='ltr'>Mox</span> <span class='ocrx_word' id='word_1_201' title='bbox 1506 1178 1684 1212; x_wconf 79' lang='lat' dir='ltr'>molestus</span> <span class='ocrx_word' id='word_1_202' title='bbox 1711 1188 1777 1211; x_wconf 89' lang='lat' dir='ltr'>om.</span> <span class='ocrx_word' id='word_1_203' title='bbox 1805 1187 1843 1210; x_wconf 87' lang='lat' dir='ltr'>es</span> 
     </span>
     <span class='ocr_line' id='line_1_20' title="bbox 313 1231 1844 1280; baseline -0.005 -9"><span class='ocrx_word' id='word_1_204' title='bbox 313 1238 383 1279; x_wconf 79' lang='lat' dir='ltr'>def.</span> <span class='ocrx_word' id='word_1_205' title='bbox 415 1236 566 1271; x_wconf 77' lang='lat' dir='ltr'>Olsenns</span> <span class='ocrx_word' id='word_1_206' title='bbox 589 1247 626 1280; x_wconf 87' lang='lat' dir='ltr'>p.</span> <span class='ocrx_word' id='word_1_207' title='bbox 653 1238 709 1269; x_wconf 89' lang='lat'>33.</span> <span class='ocrx_word' id='word_1_208' title='bbox 738 1256 781 1259; x_wconf 98' lang='lat'><strong>—</strong></span> <span class='ocrx_word' id='word_1_209' title='bbox 816 1235 856 1269; x_wconf 87' lang='lat' dir='ltr'>V.</span> <span class='ocrx_word' id='word_1_210' title='bbox 883 1238 951 1268; x_wconf 76' lang='lat'>‘294</span> <span class='ocrx_word' id='word_1_211' title='bbox 976 1245 1111 1268; x_wconf 89' lang='lat' dir='ltr'>nomen</span> <span class='ocrx_word' id='word_1_212' title='bbox 1135 1232 1300 1267; x_wconf 68' lang='lat' dir='ltr'>nouisbin</span> <span class='ocrx_word' id='word_1_213' title='bbox 1323 1243 1446 1266; x_wconf 88' lang='lat' dir='ltr'>meum</span> <span class='ocrx_word' id='word_1_214' title='bbox 1478 1232 1694 1266; x_wconf 75' lang='lat' dir='ltr'>lVeiclnerns</span> <span class='ocrx_word' id='word_1_215' title='bbox 1719 1242 1758 1275; x_wconf 86' lang='lat' dir='ltr'>p.</span> <span class='ocrx_word' id='word_1_216' title='bbox 1787 1231 1844 1264; x_wconf 85' lang='lat'>31.</span> 
     </span>
     <span class='ocr_line' id='line_1_21' title="bbox 314 1286 1842 1330; baseline -0.005 -6"><span class='ocrx_word' id='word_1_217' title='bbox 314 1290 402 1324; x_wconf 81' lang='lat' dir='ltr'>Post</span> <span class='ocrx_word' id='word_1_218' title='bbox 427 1301 457 1324; x_wconf 83' lang='grc' dir='ltr'>υ.</span> <span class='ocrx_word' id='word_1_219' title='bbox 486 1293 553 1323; x_wconf 81' lang='grc'>293</span> <span class='ocrx_word' id='word_1_220' title='bbox 579 1290 632 1323; x_wconf 79' lang='lat' dir='ltr'>sic</span> <span class='ocrx_word' id='word_1_221' title='bbox 657 1289 844 1323; x_wconf 78' lang='lat' dir='ltr'>ordinavit</span> <span class='ocrx_word' id='word_1_222' title='bbox 864 1288 1043 1322; x_wconf 70' lang='lat' dir='ltr'>Bria-ias:</span> <span class='ocrx_word' id='word_1_223' title='bbox 1073 1290 1271 1321; x_wconf 81' lang='grc'>297-301.</span> <span class='ocrx_word' id='word_1_224' title='bbox 1300 1289 1498 1320; x_wconf 71' lang='grc'>294-296.</span> <span class='ocrx_word' id='word_1_225' title='bbox 1521 1288 1588 1319; x_wconf 86' lang='grc'>302</span> <span class='ocrx_word' id='word_1_226' title='bbox 1603 1295 1690 1330; x_wconf 71' lang='lat' dir='ltr'>sqq,</span> <span class='ocrx_word' id='word_1_227' title='bbox 1715 1295 1746 1320; x_wconf 84' lang='lat' dir='ltr'>v.</span> <span class='ocrx_word' id='word_1_228' title='bbox 1774 1286 1842 1318; x_wconf 86' lang='grc'>302</span> 
     </span>
     <span class='ocr_line' id='line_1_22' title="bbox 315 1338 1844 1385; baseline -0.003 -8"><span class='ocrx_word' id='word_1_229' title='bbox 315 1344 401 1378; x_wconf 85' lang='lat' dir='ltr'>olim</span> <span class='ocrx_word' id='word_1_230' title='bbox 427 1355 449 1377; x_wconf 87' lang='lat' dir='ltr'>a</span> <span class='ocrx_word' id='word_1_231' title='bbox 474 1344 558 1377; x_wconf 91' lang='lat' dir='ltr'>Non</span> <span class='ocrx_word' id='word_1_232' title='bbox 585 1343 684 1376; x_wconf 73' lang='lat' dir='ltr'>nosti</span> <span class='ocrx_word' id='word_1_233' title='bbox 709 1343 763 1377; x_wconf 80' lang='lat' dir='ltr'>vel</span> <span class='ocrx_word' id='word_1_234' title='bbox 789 1342 873 1376; x_wconf 89' lang='lat' dir='ltr'>Non</span> <span class='ocrx_word' id='word_1_235' title='bbox 898 1343 939 1375; x_wconf 71' lang='lat' dir='ltr'>tu</span> <span class='ocrx_word' id='word_1_236' title='bbox 968 1341 1037 1374; x_wconf 87' lang='lat' dir='ltr'>scis</span> <span class='ocrx_word' id='word_1_237' title='bbox 1064 1342 1110 1385; x_wconf 68' lang='grc' dir='ltr'>(υ.</span> <span class='ocrx_word' id='word_1_238' title='bbox 1136 1341 1177 1385; x_wconf 84' lang='lat' dir='ltr'>i.)</span> <span class='ocrx_word' id='word_1_239' title='bbox 1202 1340 1378 1384; x_wconf 72' lang='lat' dir='ltr'>incepisse</span> <span class='ocrx_word' id='word_1_240' title='bbox 1413 1340 1603 1374; x_wconf 83' lang='lat' dir='ltr'>coniciens.</span> <span class='ocrx_word' id='word_1_241' title='bbox 1658 1338 1740 1383; x_wconf 71' lang='lat' dir='ltr'>Qua</span> <span class='ocrx_word' id='word_1_242' title='bbox 1765 1338 1844 1382; x_wconf 87' lang='lat' dir='ltr'>opi—</span> 
     </span>
     <span class='ocr_line' id='line_1_23' title="bbox 316 1391 1843 1440; baseline -0.005 -8"><span class='ocrx_word' id='word_1_243' title='bbox 316 1398 424 1431; x_wconf 80' lang='lat' dir='ltr'>nione</span> <span class='ocrx_word' id='word_1_244' title='bbox 450 1400 540 1432; x_wconf 86' lang='lat' dir='ltr'>recte</span> <span class='ocrx_word' id='word_1_245' title='bbox 566 1397 760 1440; x_wconf 82' lang='lat' dir='ltr'>reprobata</span> <span class='ocrx_word' id='word_1_246' title='bbox 792 1395 1096 1439; x_wconf 76' lang='lat' dir='ltr'>Sonnenburqins</span> <span class='ocrx_word' id='word_1_247' title='bbox 1129 1406 1159 1429; x_wconf 79' lang='lat' dir='ltr'>v.</span> <span class='ocrx_word' id='word_1_248' title='bbox 1188 1397 1297 1438; x_wconf 77' lang='grc'>8399.</span> <span class='ocrx_word' id='word_1_249' title='bbox 1323 1404 1355 1427; x_wconf 71' lang='lat' dir='ltr'>v.</span> <span class='ocrx_word' id='word_1_250' title='bbox 1384 1395 1570 1426; x_wconf 78' lang='lat'>297—316</span> <span class='ocrx_word' id='word_1_251' title='bbox 1602 1392 1645 1426; x_wconf 85' lang='lat' dir='ltr'>in</span> <span class='ocrx_word' id='word_1_252' title='bbox 1668 1391 1843 1436; x_wconf 79' lang='lat' dir='ltr'>suspicio-</span> 
     </span>
     <span class='ocr_line' id='line_1_24' title="bbox 315 1450 926 1493; baseline -0.002 -9"><span class='ocrx_word' id='word_1_253' title='bbox 315 1462 394 1484; x_wconf 81' lang='lat' dir='ltr'>nem</span> <span class='ocrx_word' id='word_1_254' title='bbox 420 1454 540 1484; x_wconf 76' lang='lat' dir='ltr'>vocat:</span> <span class='ocrx_word' id='word_1_255' title='bbox 566 1451 611 1493; x_wconf 82' lang='lat' dir='ltr'>cf.</span> <span class='ocrx_word' id='word_1_256' title='bbox 640 1450 689 1483; x_wconf 79' lang='lat' dir='ltr'>ad</span> <span class='ocrx_word' id='word_1_257' title='bbox 714 1460 745 1483; x_wconf 81' lang='lat' dir='ltr'>v.</span> <span class='ocrx_word' id='word_1_258' title='bbox 772 1452 844 1484; x_wconf 76' lang='lat'>317</span> <span class='ocrx_word' id='word_1_259' title='bbox 855 1460 926 1493; x_wconf 91' lang='lat' dir='ltr'>sqq.</span> 
     </span>
    </p>

    <p class='ocr_par' dir='ltr' id='par_1_6' title="bbox 310 1498 1852 2188">
     <span class='ocr_line' id='line_1_25' title="bbox 434 1498 1843 1546; baseline -0.002 -10"><span class='ocrx_word' id='word_1_260' title='bbox 434 1507 512 1537; x_wconf 86' lang='grc'>295.</span> <span class='ocrx_word' id='word_1_261' title='bbox 531 1501 601 1537; x_wconf 85' lang='lat' dir='ltr'>Seu</span> <span class='ocrx_word' id='word_1_262' title='bbox 617 1504 658 1536; x_wconf 75' lang='lat' dir='ltr'>tu</span> <span class='ocrx_word' id='word_1_263' title='bbox 674 1501 883 1537; x_wconf 81' lang='lat' dir='ltr'>Culindru&#39;s</span> <span class='ocrx_word' id='word_1_264' title='bbox 898 1503 951 1546; x_wconf 68' lang='lat' dir='ltr'>(R,</span> <span class='ocrx_word' id='word_1_265' title='bbox 970 1502 1035 1536; x_wconf 79' lang='lat' dir='ltr'>nbi</span> <span class='ocrx_word' id='word_1_266' title='bbox 1050 1501 1122 1536; x_wconf 80' lang='lat' dir='ltr'>Seu</span> <span class='ocrx_word' id='word_1_267' title='bbox 1142 1501 1370 1545; x_wconf 67' lang='lat' dir='ltr'>alind‘aqens</span> <span class='ocrx_word' id='word_1_268' title='bbox 1385 1500 1461 1544; x_wconf 82' lang='lat' dir='ltr'>ipse</span> <span class='ocrx_word' id='word_1_269' title='bbox 1474 1499 1621 1543; x_wconf 79' lang='lat' dir='ltr'>reliquit</span> <span class='ocrx_word' id='word_1_270' title='bbox 1641 1498 1701 1543; x_wconf 82' lang='lat' dir='ltr'>(cf.</span> <span class='ocrx_word' id='word_1_271' title='bbox 1714 1498 1843 1543; x_wconf 79' lang='lat' dir='ltr'>Opasc.</span> 
     </span>
     <span class='ocr_line' id='line_1_26' title="bbox 318 1551 1845 1601; baseline -0.004 -10"><span class='ocrx_word' id='word_1_272' title='bbox 318 1557 371 1591; x_wconf 89' lang='lat' dir='ltr'>II</span> <span class='ocrx_word' id='word_1_273' title='bbox 387 1568 425 1601; x_wconf 86' lang='lat' dir='ltr'>p.</span> <span class='ocrx_word' id='word_1_274' title='bbox 455 1558 563 1600; x_wconf 74' lang='lat'><strong><em>631),</em></strong></span> <span class='ocrx_word' id='word_1_275' title='bbox 600 1557 654 1591; x_wconf 79' lang='lat' dir='ltr'>vel</span> <span class='ocrx_word' id='word_1_276' title='bbox 689 1557 733 1591; x_wconf 89' lang='lat' dir='ltr'>ab</span> <span class='ocrx_word' id='word_1_277' title='bbox 770 1556 856 1590; x_wconf 84' lang='lat' dir='ltr'>aliis</span> <span class='ocrx_word' id='word_1_278' title='bbox 887 1556 1046 1590; x_wconf 77' lang='lat' dir='ltr'>monitus</span> <span class='ocrx_word' id='word_1_279' title='bbox 1080 1555 1196 1589; x_wconf 79' lang='lat' dir='ltr'>tenuit</span> <span class='ocrx_word' id='word_1_280' title='bbox 1227 1553 1410 1588; x_wconf 73' lang='lat' dir='ltr'>Valzlenns</span> <span class='ocrx_word' id='word_1_281' title='bbox 1436 1551 1489 1597; x_wconf 79' lang='lat' dir='ltr'>&lt;Si</span> <span class='ocrx_word' id='word_1_282' title='bbox 1520 1552 1747 1596; x_wconf 70' lang='lat' dir='ltr'>lVaqnerns,</span> <span class='ocrx_word' id='word_1_283' title='bbox 1784 1551 1845 1585; x_wconf 85' lang='lat' dir='ltr'>Sei</span> 
     </span>
     <span class='ocr_line' id='line_1_27' title="bbox 314 1605 1845 1653; baseline -0.005 -8"><span class='ocrx_word' id='word_1_284' title='bbox 314 1610 474 1645; x_wconf 75' lang='lat' dir='ltr'>Brioeins</span> <span class='ocrx_word' id='word_1_285' title='bbox 500 1611 588 1644; x_wconf 77' lang='lat' dir='ltr'>duce</span> <span class='ocrx_word' id='word_1_286' title='bbox 615 1611 653 1645; x_wconf 69' lang='lat' dir='ltr'>{R</span> <span class='ocrx_word' id='word_1_287' title='bbox 678 1613 758 1653; x_wconf 84' lang='lat' dir='ltr'>post</span> <span class='ocrx_word' id='word_1_288' title='bbox 784 1609 1037 1653; x_wconf 74' lang='lat' dir='ltr'>Muellermn):</span> <span class='ocrx_word' id='word_1_289' title='bbox 1065 1628 1108 1633; x_wconf 87' lang='lat'>—-</span> <span class='ocrx_word' id='word_1_290' title='bbox 1138 1608 1190 1642; x_wconf 79' lang='lat' dir='ltr'>n⁷s</span> <span class='ocrx_word' id='word_1_291' title='bbox 1223 1618 1304 1642; x_wconf 81' lang='lat' dir='ltr'>vero</span> <span class='ocrx_word' id='word_1_292' title='bbox 1331 1607 1440 1642; x_wconf 82' lang='lat' dir='ltr'>alteri</span> <span class='ocrx_word' id='word_1_293' title='bbox 1464 1606 1591 1651; x_wconf 80' lang='lat' dir='ltr'>potins</span> <span class='ocrx_word' id='word_1_294' title='bbox 1615 1605 1757 1640; x_wconf 83' lang='lat' dir='ltr'>nomini</span> <span class='ocrx_word' id='word_1_295' title='bbox 1782 1605 1845 1639; x_wconf 85' lang='lat' dir='ltr'>ael-</span> 
     </span>
     <span class='ocr_line' id='line_1_28' title="bbox 315 1660 1845 1706; baseline -0.003 -8"><span class='ocrx_word' id='word_1_296' title='bbox 315 1665 509 1698; x_wconf 76' lang='lat' dir='ltr'>hibendum</span> <span class='ocrx_word' id='word_1_297' title='bbox 545 1674 618 1697; x_wconf 87' lang='lat' dir='ltr'>esse</span> <span class='ocrx_word' id='word_1_298' title='bbox 656 1664 816 1697; x_wconf 72' lang='lat' dir='ltr'>Bria‘ias</span> <span class='ocrx_word' id='word_1_299' title='bbox 855 1663 996 1698; x_wconf 76' lang='lat' dir='ltr'>monuit</span> <span class='ocrx_word' id='word_1_300' title='bbox 1031 1662 1130 1697; x_wconf 90' lang='lat' dir='ltr'>Ann.</span> <span class='ocrx_word' id='word_1_301' title='bbox 1153 1663 1244 1706; x_wconf 75' lang='lat' dir='ltr'>phil.</span> <span class='ocrx_word' id='word_1_302' title='bbox 1274 1661 1475 1696; x_wconf 82' lang='lat' dir='ltr'><strong><em>CXXIII</em></strong></span> <span class='ocrx_word' id='word_1_303' title='bbox 1493 1671 1531 1703; x_wconf 86' lang='lat' dir='ltr'>p.</span> <span class='ocrx_word' id='word_1_304' title='bbox 1560 1661 1606 1694; x_wconf 86' lang='lat'>53</span> <span class='ocrx_word' id='word_1_305' title='bbox 1632 1660 1716 1694; x_wconf 84' lang='lat' dir='ltr'>adn.</span> <span class='ocrx_word' id='word_1_306' title='bbox 1743 1660 1845 1701; x_wconf 82' lang='lat' dir='ltr'>(neu-</span> 
     </span>
     <span class='ocr_line' id='line_1_29' title="bbox 317 1711 1845 1760; baseline -0.003 -9"><span class='ocrx_word' id='word_1_307' title='bbox 317 1718 367 1751; x_wconf 89' lang='lat' dir='ltr'>tri</span> <span class='ocrx_word' id='word_1_308' title='bbox 395 1718 546 1751; x_wconf 74' lang='lat' dir='ltr'>Olsenus</span> <span class='ocrx_word' id='word_1_309' title='bbox 571 1717 592 1751; x_wconf 86' lang='lat' dir='ltr'>l.</span> <span class='ocrx_word' id='word_1_310' title='bbox 619 1727 645 1751; x_wconf 87' lang='lat' dir='ltr'>s.</span> <span class='ocrx_word' id='word_1_311' title='bbox 672 1727 700 1750; x_wconf 89' lang='lat' dir='ltr'>s.</span> <span class='ocrx_word' id='word_1_312' title='bbox 720 1728 761 1760; x_wconf 88' lang='lat' dir='ltr'>p.</span> <span class='ocrx_word' id='word_1_313' title='bbox 787 1719 864 1759; x_wconf 74' lang='lat'>42).</span> <span class='ocrx_word' id='word_1_314' title='bbox 916 1716 989 1751; x_wconf 83' lang='lat' dir='ltr'>Pro</span> <span class='ocrx_word' id='word_1_315' title='bbox 1021 1715 1237 1750; x_wconf 72' lang='lat' dir='ltr'>Coriendrus</span> <span class='ocrx_word' id='word_1_316' title='bbox 1265 1715 1492 1749; x_wconf 75' lang='lat' dir='ltr'>coniecerunt</span> <span class='ocrx_word' id='word_1_317' title='bbox 1518 1711 1734 1747; x_wconf 83' lang='lat' dir='ltr'>Caliendrus</span> <span class='ocrx_word' id='word_1_318' title='bbox 1761 1711 1845 1746; x_wconf 85' lang='lat' dir='ltr'>Sca-</span> 
     </span>
     <span class='ocr_line' id='line_1_30' title="bbox 317 1766 1845 1814; baseline -0.003 -10"><span class='ocrx_word' id='word_1_319' title='bbox 317 1771 408 1814; x_wconf 80' lang='lat' dir='ltr'>liqer</span> <span class='ocrx_word' id='word_1_320' title='bbox 432 1770 625 1814; x_wconf 71' lang='lat' dir='ltr'>recipiente</span> <span class='ocrx_word' id='word_1_321' title='bbox 652 1770 709 1811; x_wconf 62' lang='lat' dir='ltr'>R,</span> <span class='ocrx_word' id='word_1_322' title='bbox 738 1769 953 1804; x_wconf 82' lang='lat' dir='ltr'>Coliendrus</span> <span class='ocrx_word' id='word_1_323' title='bbox 980 1769 1203 1811; x_wconf 79' lang='lat' dir='ltr'>Lambinus,</span> <span class='ocrx_word' id='word_1_324' title='bbox 1235 1767 1447 1812; x_wconf 59' lang='lat' dir='ltr'>(Colindius</span> <span class='ocrx_word' id='word_1_325' title='bbox 1480 1766 1691 1801; x_wconf 77' lang='lat' dir='ltr'>Scliwabins</span> <span class='ocrx_word' id='word_1_326' title='bbox 1716 1766 1737 1800; x_wconf 94' lang='lat' dir='ltr'>l.</span> <span class='ocrx_word' id='word_1_327' title='bbox 1764 1775 1791 1799; x_wconf 85' lang='lat' dir='ltr'>s.</span> <span class='ocrx_word' id='word_1_328' title='bbox 1817 1775 1845 1800; x_wconf 87' lang='lat' dir='ltr'>s.</span> 
     </span>
     <span class='ocr_line' id='line_1_31' title="bbox 310 1819 1844 1867; baseline -0.003 -10"><span class='ocrx_word' id='word_1_329' title='bbox 310 1834 349 1867; x_wconf 85' lang='lat' dir='ltr'>p.</span> <span class='ocrx_word' id='word_1_330' title='bbox 378 1826 448 1857; x_wconf 73' lang='lat'>413</span> <span class='ocrx_word' id='word_1_331' title='bbox 474 1823 652 1856; x_wconf 72' lang='lat' dir='ltr'>insulsam</span> <span class='ocrx_word' id='word_1_332' title='bbox 689 1821 864 1856; x_wconf 82' lang='lat' dir='ltr'>Salmasii</span> <span class='ocrx_word' id='word_1_333' title='bbox 901 1823 1175 1866; x_wconf 64' lang='lat' dir='ltr'>explicationem</span> <span class='ocrx_word' id='word_1_334' title='bbox 1213 1823 1255 1856; x_wconf 74' lang='lat' dir='ltr'>ele</span> <span class='ocrx_word' id='word_1_335' title='bbox 1293 1821 1403 1856; x_wconf 77' lang='lat' dir='ltr'>‘culo&#39;</span> <span class='ocrx_word' id='word_1_336' title='bbox 1439 1824 1470 1855; x_wconf 78' lang='lat' dir='ltr'>et</span> <span class='ocrx_word' id='word_1_337' title='bbox 1507 1819 1607 1855; x_wconf 77' lang='lat' dir='ltr'>‘cole’</span> <span class='ocrx_word' id='word_1_338' title='bbox 1642 1829 1844 1863; x_wconf 74' lang='lat' dir='ltr'>recoquens.</span> 
     </span>
     <span class='ocr_line' id='line_1_32' title="bbox 316 1871 1845 1920; baseline -0.004 -9"><span class='ocrx_word' id='word_1_339' title='bbox 316 1876 522 1911; x_wconf 79' lang='lat' dir='ltr'>Colandrus</span> <span class='ocrx_word' id='word_1_340' title='bbox 553 1877 690 1910; x_wconf 8' lang='lat' dir='ltr'>(mitons</span> <span class='ocrx_word' id='word_1_341' title='bbox 716 1876 735 1909; x_wconf 89' lang='lat' dir='ltr'>l.</span> <span class='ocrx_word' id='word_1_342' title='bbox 763 1886 790 1909; x_wconf 92' lang='lat' dir='ltr'>s.</span> <span class='ocrx_word' id='word_1_343' title='bbox 818 1886 845 1909; x_wconf 87' lang='lat' dir='ltr'>s.</span> <span class='ocrx_word' id='word_1_344' title='bbox 866 1886 906 1919; x_wconf 86' lang='lat' dir='ltr'>p.</span> <span class='ocrx_word' id='word_1_345' title='bbox 934 1877 1014 1920; x_wconf 86' lang='lat'>59),</span> <span class='ocrx_word' id='word_1_346' title='bbox 1054 1874 1284 1910; x_wconf 85' lang='lat' dir='ltr'>Cicilendrus</span> <span class='ocrx_word' id='word_1_347' title='bbox 1311 1875 1462 1916; x_wconf 78' lang='lat' dir='ltr'>Densa,</span> <span class='ocrx_word' id='word_1_348' title='bbox 1490 1872 1706 1907; x_wconf 83' lang='lat' dir='ltr'>Culiendrus</span> <span class='ocrx_word' id='word_1_349' title='bbox 1736 1871 1845 1906; x_wconf 80' lang='lat' dir='ltr'>Gnie-</span> 
     </span>
     <span class='ocr_line' id='line_1_33' title="bbox 313 1926 1846 1972; baseline -0.003 -9"><span class='ocrx_word' id='word_1_350' title='bbox 313 1933 383 1972; x_wconf 78' lang='lat' dir='ltr'>tus,</span> <span class='ocrx_word' id='word_1_351' title='bbox 409 1928 630 1963; x_wconf 85' lang='lat' dir='ltr'>Coriandrus</span> <span class='ocrx_word' id='word_1_352' title='bbox 656 1929 830 1962; x_wconf 78' lang='lat' dir='ltr'>Botlzins:</span> <span class='ocrx_word' id='word_1_353' title='bbox 871 1929 978 1972; x_wconf 75' lang='lat' dir='ltr'>idque</span> <span class='ocrx_word' id='word_1_354' title='bbox 1017 1940 1131 1963; x_wconf 78' lang='lat' dir='ltr'>nnnm</span> <span class='ocrx_word' id='word_1_355' title='bbox 1157 1929 1359 1963; x_wconf 80' lang='lat' dir='ltr'>recensioni</span> <span class='ocrx_word' id='word_1_356' title='bbox 1383 1927 1580 1962; x_wconf 72' lang='lat' dir='ltr'>Palatinae</span> <span class='ocrx_word' id='word_1_357' title='bbox 1611 1937 1693 1960; x_wconf 79' lang='lat' dir='ltr'>cam</span> <span class='ocrx_word' id='word_1_358' title='bbox 1719 1926 1846 1969; x_wconf 80' lang='lat' dir='ltr'>aliqua</span> 
     </span>
     <span class='ocr_line' id='line_1_34' title="bbox 310 1978 1852 2027; baseline -0.003 -11"><span class='ocrx_word' id='word_1_359' title='bbox 310 1983 571 2027; x_wconf 70' lang='lat' dir='ltr'>probabilitate</span> <span class='ocrx_word' id='word_1_360' title='bbox 603 1982 720 2016; x_wconf 74' lang='lat' dir='ltr'>tribui</span> <span class='ocrx_word' id='word_1_361' title='bbox 745 1985 863 2025; x_wconf 84' lang='lat' dir='ltr'>potest</span> <span class='ocrx_word' id='word_1_362' title='bbox 898 1982 957 2026; x_wconf 80' lang='lat' dir='ltr'>(cf.</span> <span class='ocrx_word' id='word_1_363' title='bbox 991 1983 1100 2016; x_wconf 81' lang='lat' dir='ltr'>etiam</span> <span class='ocrx_word' id='word_1_364' title='bbox 1132 1982 1382 2026; x_wconf 79' lang='lat' dir='ltr'>Kiesslinqius</span> <span class='ocrx_word' id='word_1_365' title='bbox 1417 1981 1515 2015; x_wconf 67' lang='lat' dir='ltr'>Ilffas.</span> <span class='ocrx_word' id='word_1_366' title='bbox 1543 1980 1656 2013; x_wconf 78' lang='lat' dir='ltr'>Illten.</span> <span class='ocrx_word' id='word_1_367' title='bbox 1687 1978 1852 2012; x_wconf 88' lang='lat' dir='ltr'><strong><em>XXIII</em></strong></span> 
     </span>
     <span class='ocr_line' id='line_1_35' title="bbox 311 2034 1845 2080; baseline -0.003 -10"><span class='ocrx_word' id='word_1_368' title='bbox 311 2047 349 2079; x_wconf 84' lang='lat' dir='ltr'>p.</span> <span class='ocrx_word' id='word_1_369' title='bbox 377 2036 462 2078; x_wconf 74' lang='lat'>423)</span> <span class='ocrx_word' id='word_1_370' title='bbox 489 2035 665 2079; x_wconf 67' lang='lat' dir='ltr'>facileque</span> <span class='ocrx_word' id='word_1_371' title='bbox 690 2035 787 2077; x_wconf 79' lang='lat' dir='ltr'>inde,</span> <span class='ocrx_word' id='word_1_372' title='bbox 814 2035 846 2068; x_wconf 85' lang='lat' dir='ltr'>si</span> <span class='ocrx_word' id='word_1_373' title='bbox 871 2038 963 2069; x_wconf 86' lang='lat' dir='ltr'>reete</span> <span class='ocrx_word' id='word_1_374' title='bbox 989 2036 1127 2070; x_wconf 81' lang='lat' dir='ltr'>conieci</span> <span class='ocrx_word' id='word_1_375' title='bbox 1150 2036 1192 2070; x_wconf 79' lang='lat' dir='ltr'>cle</span> <span class='ocrx_word' id='word_1_376' title='bbox 1212 2036 1260 2077; x_wconf 82' lang='lat' dir='ltr'>A,</span> <span class='ocrx_word' id='word_1_377' title='bbox 1286 2036 1370 2080; x_wconf 81' lang='lat' dir='ltr'>ipsa</span> <span class='ocrx_word' id='word_1_378' title='bbox 1394 2034 1612 2068; x_wconf 79' lang='lat' dir='ltr'>recensionis</span> <span class='ocrx_word' id='word_1_379' title='bbox 1639 2034 1845 2077; x_wconf 80' lang='lat' dir='ltr'>discrepan-</span> 
     </span>
     <span class='ocr_line' id='line_1_36' title="bbox 316 2086 1845 2133; baseline -0.001 -11"><span class='ocrx_word' id='word_1_380' title='bbox 316 2090 371 2122; x_wconf 80' lang='lat' dir='ltr'>tia</span> <span class='ocrx_word' id='word_1_381' title='bbox 395 2089 574 2133; x_wconf 74' lang='lat' dir='ltr'>eoeplicari</span> <span class='ocrx_word' id='word_1_382' title='bbox 603 2091 717 2132; x_wconf 85' lang='lat' dir='ltr'>potest</span> <span class='ocrx_word' id='word_1_383' title='bbox 744 2089 800 2132; x_wconf 86' lang='lat' dir='ltr'>(ele</span> <span class='ocrx_word' id='word_1_384' title='bbox 833 2087 958 2122; x_wconf 65' lang='lat' dir='ltr'>cunila</span> <span class='ocrx_word' id='word_1_385' title='bbox 990 2090 1034 2131; x_wconf 83' lang='lat' dir='ltr'>cf.</span> <span class='ocrx_word' id='word_1_386' title='bbox 1072 2088 1174 2123; x_wconf 84' lang='lat' dir='ltr'>Trin.</span> <span class='ocrx_word' id='word_1_387' title='bbox 1202 2090 1300 2133; x_wconf 86' lang='lat'><em>935).</em></span> <span class='ocrx_word' id='word_1_388' title='bbox 1352 2088 1422 2122; x_wconf 78' lang='lat' dir='ltr'>Sed</span> <span class='ocrx_word' id='word_1_389' title='bbox 1448 2087 1601 2132; x_wconf 74' lang='lat' dir='ltr'>eoyitari</span> <span class='ocrx_word' id='word_1_390' title='bbox 1626 2086 1742 2121; x_wconf 78' lang='lat' dir='ltr'>multa</span> <span class='ocrx_word' id='word_1_391' title='bbox 1760 2096 1845 2130; x_wconf 84' lang='lat' dir='ltr'>pos-</span> 
     </span>
     <span class='ocr_line' id='line_1_37' title="bbox 315 2140 1845 2188; baseline -0.001 -12"><span class='ocrx_word' id='word_1_392' title='bbox 315 2145 418 2176; x_wconf 79' lang='lat' dir='ltr'>sunt:</span> <span class='ocrx_word' id='word_1_393' title='bbox 450 2143 545 2176; x_wconf 67' lang='lat' dir='ltr'>velnt</span> <span class='ocrx_word' id='word_1_394' title='bbox 570 2153 644 2176; x_wconf 88' lang='lat' dir='ltr'>non</span> <span class='ocrx_word' id='word_1_395' title='bbox 669 2143 788 2186; x_wconf 83' lang='lat' dir='ltr'>inepte</span> <span class='ocrx_word' id='word_1_396' title='bbox 822 2142 1001 2186; x_wconf 75' lang='lat' dir='ltr'>anquiras</span> <span class='ocrx_word' id='word_1_397' title='bbox 1031 2142 1172 2188; x_wconf 64' lang='lat' dir='ltr'>siqui-ae</span> <span class='ocrx_word' id='word_1_398' title='bbox 1197 2153 1325 2177; x_wconf 87' lang='lat' dir='ltr'>nomen</span> <span class='ocrx_word' id='word_1_399' title='bbox 1360 2140 1554 2186; x_wconf 80' lang='lat' dir='ltr'>‘cylindro’</span> <span class='ocrx_word' id='word_1_400' title='bbox 1583 2140 1845 2184; x_wconf 79' lang='lat' dir='ltr'>opponendum.</span> 
     </span>
    </p>

    <p class='ocr_par' dir='ltr' id='par_1_7' title="bbox 317 2194 1848 2496">
     <span class='ocr_line' id='line_1_38' title="bbox 437 2194 1848 2239; baseline -0.001 -11"><span class='ocrx_word' id='word_1_401' title='bbox 437 2199 503 2229; x_wconf 79' lang='grc'>297</span> <span class='ocrx_word' id='word_1_402' title='bbox 519 2207 567 2239; x_wconf 73' lang='lat' dir='ltr'>sq.</span> <span class='ocrx_word' id='word_1_403' title='bbox 596 2194 690 2228; x_wconf 86' lang='lat' dir='ltr'>Hem</span> <span class='ocrx_word' id='word_1_404' title='bbox 731 2195 921 2239; x_wconf 78' lang='lat' dir='ltr'>(scriptum</span> <span class='ocrx_word' id='word_1_405' title='bbox 947 2195 1032 2229; x_wconf 85' lang='lat' dir='ltr'>olim</span> <span class='ocrx_word' id='word_1_406' title='bbox 1059 2194 1142 2239; x_wconf 90' lang='lat' dir='ltr'>Em)</span> <span class='ocrx_word' id='word_1_407' title='bbox 1175 2194 1246 2229; x_wconf 76' lang='lat' dir='ltr'>tibi</span> <span class='ocrx_word' id='word_1_408' title='bbox 1278 2194 1520 2229; x_wconf 82' lang='lat' dir='ltr'>Menaechmo</span> <span class='ocrx_word' id='word_1_409' title='bbox 1553 2204 1687 2226; x_wconf 81' lang='lat' dir='ltr'>nomen</span> <span class='ocrx_word' id='word_1_410' title='bbox 1721 2194 1848 2227; x_wconf 76' lang='lat' dir='ltr'>tamen</span> 
     </span>
     <span class='ocr_line' id='line_1_39' title="bbox 318 2245 1845 2293; baseline -0.002 -11"><span class='ocrx_word' id='word_1_411' title='bbox 318 2249 374 2282; x_wconf 70' lang='lat' dir='ltr'>est</span> <span class='ocrx_word' id='word_1_412' title='bbox 401 2249 438 2283; x_wconf 75' lang='lat' dir='ltr'>&#39;R</span> <span class='ocrx_word' id='word_1_413' title='bbox 472 2252 670 2292; x_wconf 76' lang='lat' dir='ltr'>praeeunte</span> <span class='ocrx_word' id='word_1_414' title='bbox 707 2249 834 2282; x_wconf 73' lang='lat' dir='ltr'>tamen</span> <span class='ocrx_word' id='word_1_415' title='bbox 873 2249 1036 2292; x_wconf 82' lang='lat' dir='ltr'>Pistori,</span> <span class='ocrx_word' id='word_1_416' title='bbox 1066 2260 1138 2293; x_wconf 86' lang='lat' dir='ltr'>pro</span> <span class='ocrx_word' id='word_1_417' title='bbox 1175 2259 1243 2293; x_wconf 79' lang='lat' dir='ltr'>qno</span> <span class='ocrx_word' id='word_1_418' title='bbox 1278 2248 1429 2281; x_wconf 79' lang='lat' dir='ltr'>tandem</span> <span class='ocrx_word' id='word_1_419' title='bbox 1465 2246 1631 2281; x_wconf 72' lang='lat' dir='ltr'>Bothtus.</span> <span class='ocrx_word' id='word_1_420' title='bbox 1684 2245 1845 2280; x_wconf 74' lang='lat' dir='ltr'>Ceterum</span> 
     </span>
     <span class='ocr_line' id='line_1_40' title="bbox 317 2299 1848 2345; baseline -0.002 -9"><span class='ocrx_word' id='word_1_421' title='bbox 317 2304 501 2336; x_wconf 71' lang='lat' dir='ltr'>tantums‘c</span> <span class='ocrx_word' id='word_1_422' title='bbox 529 2303 566 2337; x_wconf 75' lang='lat' dir='ltr'>&#39;R</span> <span class='ocrx_word' id='word_1_423' title='bbox 592 2303 635 2336; x_wconf 84' lang='lat' dir='ltr'>in</span> <span class='ocrx_word' id='word_1_424' title='bbox 659 2303 798 2345; x_wconf 70' lang='lat' dir='ltr'>qemino</span> <span class='ocrx_word' id='word_1_425' title='bbox 827 2302 1048 2337; x_wconf 65' lang='lat' dir='ltr'>Meo-catoris</span> <span class='ocrx_word' id='word_1_426' title='bbox 1082 2313 1113 2337; x_wconf 79' lang='lat' dir='ltr'>v.</span> <span class='ocrx_word' id='word_1_427' title='bbox 1142 2305 1215 2337; x_wconf 68' lang='lat'>642</span> <span class='ocrx_word' id='word_1_428' title='bbox 1250 2301 1464 2336; x_wconf 82' lang='lat' dir='ltr'>assentiente</span> <span class='ocrx_word' id='word_1_429' title='bbox 1499 2299 1669 2342; x_wconf 69' lang='lat' dir='ltr'>Goetzio,</span> <span class='ocrx_word' id='word_1_430' title='bbox 1702 2299 1767 2334; x_wconf 79' lang='lat' dir='ltr'>nbi</span> <span class='ocrx_word' id='word_1_431' title='bbox 1793 2300 1848 2334; x_wconf 77' lang='lat' dir='ltr'>est</span> 
     </span>
     <span class='ocr_line' id='line_1_41' title="bbox 318 2351 1847 2400; baseline -0.003 -11"><span class='ocrx_word' id='word_1_432' title='bbox 318 2366 391 2389; x_wconf 89' lang='lat' dir='ltr'>non</span> <span class='ocrx_word' id='word_1_433' title='bbox 416 2356 536 2389; x_wconf 79' lang='lat' dir='ltr'>minus</span> <span class='ocrx_word' id='word_1_434' title='bbox 562 2358 653 2390; x_wconf 86' lang='lat' dir='ltr'>recte</span> <span class='ocrx_word' id='word_1_435' title='bbox 678 2356 858 2389; x_wconf 78' lang='lat' dir='ltr'>omittitur</span> <span class='ocrx_word' id='word_1_436' title='bbox 883 2367 991 2400; x_wconf 78' lang='lat' dir='ltr'>qaam</span> <span class='ocrx_word' id='word_1_437' title='bbox 1018 2356 1113 2390; x_wconf 85' lang='lat' dir='ltr'>alias</span> <span class='ocrx_word' id='word_1_438' title='bbox 1146 2356 1186 2389; x_wconf 75' lang='lat' dir='ltr'>in</span> <span class='ocrx_word' id='word_1_439' title='bbox 1216 2353 1512 2399; x_wconf 71' lang='lat' dir='ltr'>responsionibus</span> <span class='ocrx_word' id='word_1_440' title='bbox 1537 2353 1702 2388; x_wconf 77' lang='lat' dir='ltr'>maaeime.</span> <span class='ocrx_word' id='word_1_441' title='bbox 1755 2351 1847 2386; x_wconf 71' lang='lat' dir='ltr'>Mose</span> 
     </span>
     <span class='ocr_line' id='line_1_42' title="bbox 318 2404 1846 2452; baseline -0.001 -11"><span class='ocrx_word' id='word_1_442' title='bbox 318 2420 405 2443; x_wconf 73' lang='lat' dir='ltr'>sane</span> <span class='ocrx_word' id='word_1_443' title='bbox 432 2408 561 2442; x_wconf 58' lang='lat' dir='ltr'>‘vitium</span> <span class='ocrx_word' id='word_1_444' title='bbox 581 2407 823 2450; x_wconf 78' lang='lat' dir='ltr'>Camerariae,</span> <span class='ocrx_word' id='word_1_445' title='bbox 849 2418 941 2442; x_wconf 75' lang='lat' dir='ltr'>corr,</span> <span class='ocrx_word' id='word_1_446' title='bbox 962 2420 985 2442; x_wconf 85' lang='lat' dir='ltr'>a</span> <span class='ocrx_word' id='word_1_447' title='bbox 1005 2408 1134 2452; x_wconf 81' lang='lat' dir='ltr'>Lipsio</span> <span class='ocrx_word' id='word_1_448' title='bbox 1161 2408 1181 2442; x_wconf 92' lang='lat' dir='ltr'>l.</span> <span class='ocrx_word' id='word_1_449' title='bbox 1209 2418 1235 2442; x_wconf 86' lang='lat' dir='ltr'>s.</span> <span class='ocrx_word' id='word_1_450' title='bbox 1263 2418 1290 2442; x_wconf 88' lang='lat' dir='ltr'>s.</span> <span class='ocrx_word' id='word_1_451' title='bbox 1318 2427 1362 2432; x_wconf 87' lang='lat'>-—</span> <span class='ocrx_word' id='word_1_452' title='bbox 1390 2418 1473 2441; x_wconf 89' lang='lat' dir='ltr'>cum</span> <span class='ocrx_word' id='word_1_453' title='bbox 1500 2416 1559 2440; x_wconf 84' lang='lat' dir='ltr'>me</span> <span class='ocrx_word' id='word_1_454' title='bbox 1584 2404 1751 2450; x_wconf 84' lang='lat' dir='ltr'>appelles</span> <span class='ocrx_word' id='word_1_455' title='bbox 1779 2404 1846 2440; x_wconf 82' lang='lat' dir='ltr'>Ca-</span> 
     </span>
     <span class='ocr_line' id='line_1_43' title="bbox 320 2462 508 2496; baseline -0.005 0"><span class='ocrx_word' id='word_1_456' title='bbox 320 2462 508 2496; x_wconf 80' lang='lat' dir='ltr'>merarius.</span> 
     </span>
    </p>

    <p class='ocr_par' dir='ltr' id='par_1_8' title="bbox 319 2510 1847 2718">
     <span class='ocr_line' id='line_1_44' title="bbox 439 2510 1846 2558; baseline -0.003 -10"><span class='ocrx_word' id='word_1_457' title='bbox 439 2519 518 2549; x_wconf 85' lang='grc'>299.</span> <span class='ocrx_word' id='word_1_458' title='bbox 547 2514 618 2548; x_wconf 80' lang='lat' dir='ltr'>Sed</span> <span class='ocrx_word' id='word_1_459' title='bbox 652 2513 717 2547; x_wconf 89' lang='lat' dir='ltr'>ubi</span> <span class='ocrx_word' id='word_1_460' title='bbox 755 2513 895 2548; x_wconf 76' lang='lat' dir='ltr'>nouisti</span> <span class='ocrx_word' id='word_1_461' title='bbox 927 2516 967 2548; x_wconf 75' lang='lat' dir='ltr'>tu</span> <span class='ocrx_word' id='word_1_462' title='bbox 1000 2526 1059 2549; x_wconf 86' lang='lat' dir='ltr'>me</span> <span class='ocrx_word' id='word_1_463' title='bbox 1087 2516 1124 2550; x_wconf 69' lang='lat' dir='ltr'>{R</span> <span class='ocrx_word' id='word_1_464' title='bbox 1152 2526 1228 2549; x_wconf 79' lang='lat' dir='ltr'>enm</span> <span class='ocrx_word' id='word_1_465' title='bbox 1260 2514 1417 2558; x_wconf 73' lang='lat' dir='ltr'>Pylade,</span> <span class='ocrx_word' id='word_1_466' title='bbox 1444 2515 1572 2558; x_wconf 77' lang='lat' dir='ltr'>postea</span> <span class='ocrx_word' id='word_1_467' title='bbox 1599 2511 1737 2546; x_wconf 77' lang='lat' dir='ltr'>nouisti</span> <span class='ocrx_word' id='word_1_468' title='bbox 1761 2510 1846 2545; x_wconf 86' lang='lat' dir='ltr'>med</span> 
     </span>
     <span class='ocr_line' id='line_1_45' title="bbox 319 2563 1843 2612; baseline -0.003 -9"><span class='ocrx_word' id='word_1_469' title='bbox 319 2567 574 2603; x_wconf 78' lang='lat' dir='ltr'>commendans</span> <span class='ocrx_word' id='word_1_470' title='bbox 598 2567 646 2601; x_wconf 93' lang='lat' dir='ltr'>N.</span> <span class='ocrx_word' id='word_1_471' title='bbox 674 2578 747 2601; x_wconf 67' lang='lat' dir='ltr'>ease.</span> <span class='ocrx_word' id='word_1_472' title='bbox 774 2566 835 2600; x_wconf 85' lang='lat' dir='ltr'>Pl.</span> <span class='ocrx_word' id='word_1_473' title='bbox 860 2578 896 2610; x_wconf 89' lang='lat' dir='ltr'>p.</span> <span class='ocrx_word' id='word_1_474' title='bbox 925 2570 984 2610; x_wconf 78' lang='lat'>50,</span> <span class='ocrx_word' id='word_1_475' title='bbox 1011 2578 1091 2602; x_wconf 80' lang='lat' dir='ltr'>cnm</span> <span class='ocrx_word' id='word_1_476' title='bbox 1116 2568 1296 2612; x_wconf 68' lang='lat' dir='ltr'>Berqlsius</span> <span class='ocrx_word' id='word_1_477' title='bbox 1329 2566 1414 2600; x_wconf 88' lang='lat' dir='ltr'>cubi</span> <span class='ocrx_word' id='word_1_478' title='bbox 1442 2566 1661 2610; x_wconf 79' lang='lat' dir='ltr'>praetulerit</span> <span class='ocrx_word' id='word_1_479' title='bbox 1697 2563 1843 2599; x_wconf 65' lang='lat' dir='ltr'>‘Retio-‚⁹</span> 
     </span>
     <span class='ocr_line' id='line_1_46' title="bbox 326 2618 1847 2666; baseline -0.003 -10"><span class='ocrx_word' id='word_1_480' title='bbox 326 2632 364 2665; x_wconf 85' lang='lat' dir='ltr'>p.</span> <span class='ocrx_word' id='word_1_481' title='bbox 394 2624 473 2656; x_wconf 74' lang='lat'><strong><em>119.</em></strong></span> <span class='ocrx_word' id='word_1_482' title='bbox 533 2621 618 2654; x_wconf 88' lang='lat' dir='ltr'>Iam</span> <span class='ocrx_word' id='word_1_483' title='bbox 655 2623 809 2666; x_wconf 82' lang='lat' dir='ltr'>apparet</span> <span class='ocrx_word' id='word_1_484' title='bbox 842 2631 947 2664; x_wconf 82' lang='lat' dir='ltr'>quam</span> <span class='ocrx_word' id='word_1_485' title='bbox 985 2624 1075 2655; x_wconf 82' lang='lat' dir='ltr'>reete</span> <span class='ocrx_word' id='word_1_486' title='bbox 1108 2621 1265 2655; x_wconf 77' lang='lat' dir='ltr'>Brioeins</span> <span class='ocrx_word' id='word_1_487' title='bbox 1303 2622 1342 2654; x_wconf 79' lang='lat' dir='ltr'>tu</span> <span class='ocrx_word' id='word_1_488' title='bbox 1377 2620 1552 2654; x_wconf 79' lang='lat' dir='ltr'>tennerit:</span> <span class='ocrx_word' id='word_1_489' title='bbox 1590 2619 1634 2656; x_wconf 80' lang='lat' dir='ltr'>cf.</span> <span class='ocrx_word' id='word_1_490' title='bbox 1666 2618 1847 2662; x_wconf 80' lang='lat' dir='ltr'>imprimis</span> 
     </span>
     <span class='ocr_line' id='line_1_47' title="bbox 324 2671 1786 2718; baseline -0.002 -10"><span class='ocrx_word' id='word_1_491' title='bbox 324 2675 455 2709; x_wconf 75' lang='lat' dir='ltr'>Pseud.</span> <span class='ocrx_word' id='word_1_492' title='bbox 484 2677 568 2718; x_wconf 75' lang='lat'>619,</span> <span class='ocrx_word' id='word_1_493' title='bbox 593 2674 656 2717; x_wconf 80' lang='lat' dir='ltr'>qni</span> <span class='ocrx_word' id='word_1_494' title='bbox 680 2684 803 2708; x_wconf 81' lang='lat' dir='ltr'>versus</span> <span class='ocrx_word' id='word_1_495' title='bbox 829 2674 975 2707; x_wconf 80' lang='lat' dir='ltr'>eandem</span> <span class='ocrx_word' id='word_1_496' title='bbox 1002 2686 1081 2708; x_wconf 82' lang='lat' dir='ltr'>cnm</span> <span class='ocrx_word' id='word_1_497' title='bbox 1107 2674 1142 2708; x_wconf 91' lang='lat' dir='ltr'><strong><em>A</em></strong></span> <span class='ocrx_word' id='word_1_498' title='bbox 1169 2674 1436 2708; x_wconf 76' lang='lat' dir='ltr'>collocationem</span> <span class='ocrx_word' id='word_1_499' title='bbox 1461 2673 1648 2707; x_wconf 77' lang='lat' dir='ltr'>verborum</span> <span class='ocrx_word' id='word_1_500' title='bbox 1672 2671 1786 2706; x_wconf 84' lang='lat' dir='ltr'>habet.</span> 
     </span>
    </p>

    <p class='ocr_par' dir='ltr' id='par_1_9' title="bbox 320 2722 1845 2931">
     <span class='ocr_line' id='line_1_48' title="bbox 441 2722 1845 2770; baseline -0.003 -11"><span class='ocrx_word' id='word_1_501' title='bbox 441 2732 520 2762; x_wconf 80' lang='lat'>300.</span> <span class='ocrx_word' id='word_1_502' title='bbox 549 2727 619 2769; x_wconf 85' lang='lat' dir='ltr'>Qui</span> <span class='ocrx_word' id='word_1_503' title='bbox 645 2727 802 2761; x_wconf 79' lang='lat' dir='ltr'>amicam</span> <span class='ocrx_word' id='word_1_504' title='bbox 830 2736 929 2760; x_wconf 84' lang='lat' dir='ltr'>eram</span> <span class='ocrx_word' id='word_1_505' title='bbox 964 2738 1083 2761; x_wconf 81' lang='lat' dir='ltr'>meam</span> <span class='ocrx_word' id='word_1_506' title='bbox 1110 2726 1246 2761; x_wconf 78' lang='lat' dir='ltr'>habeas</span> <span class='ocrx_word' id='word_1_507' title='bbox 1284 2728 1365 2770; x_wconf 75' lang='lat' dir='ltr'>(pro</span> <span class='ocrx_word' id='word_1_508' title='bbox 1390 2737 1459 2770; x_wconf 81' lang='lat' dir='ltr'>quo</span> <span class='ocrx_word' id='word_1_509' title='bbox 1486 2726 1616 2760; x_wconf 81' lang='lat' dir='ltr'>licebat</span> <span class='ocrx_word' id='word_1_510' title='bbox 1642 2725 1747 2759; x_wconf 84' lang='lat' dir='ltr'>ctiam</span> <span class='ocrx_word' id='word_1_511' title='bbox 1776 2722 1845 2764; x_wconf 83' lang='lat' dir='ltr'>Qui</span> 
     </span>
     <span class='ocr_line' id='line_1_49' title="bbox 320 2779 1845 2823; baseline -0.003 -9"><span class='ocrx_word' id='word_1_512' title='bbox 320 2781 458 2815; x_wconf 72' lang='lat' dir='ltr'>habeas</span> <span class='ocrx_word' id='word_1_513' title='bbox 485 2779 645 2814; x_wconf 82' lang='lat' dir='ltr'>amicam</span> <span class='ocrx_word' id='word_1_514' title='bbox 673 2792 701 2815; x_wconf 87' lang='lat' dir='ltr'>e.</span> <span class='ocrx_word' id='word_1_515' title='bbox 729 2780 794 2823; x_wconf 88' lang='lat' dir='ltr'>m.)</span> <span class='ocrx_word' id='word_1_516' title='bbox 822 2780 859 2814; x_wconf 64' lang='lat' dir='ltr'><em>R</em></span> <span class='ocrx_word' id='word_1_517' title='bbox 880 2784 1077 2823; x_wconf 67' lang='lat' dir='ltr'>praeeunte</span> <span class='ocrx_word' id='word_1_518' title='bbox 1105 2779 1273 2813; x_wconf 84' lang='lat' dir='ltr'>Amicam</span> <span class='ocrx_word' id='word_1_519' title='bbox 1306 2779 1372 2823; x_wconf 86' lang='lat' dir='ltr'>qui</span> <span class='ocrx_word' id='word_1_520' title='bbox 1397 2779 1535 2813; x_wconf 82' lang='lat' dir='ltr'>habeas</span> <span class='ocrx_word' id='word_1_521' title='bbox 1572 2779 1698 2812; x_wconf 85' lang='lat' dir='ltr'>heram</span> <span class='ocrx_word' id='word_1_522' title='bbox 1726 2787 1845 2811; x_wconf 78' lang='lat' dir='ltr'>meam</span> 
     </span>
     <span class='ocr_line' id='line_1_50' title="bbox 324 2830 1844 2878; baseline -0.004 -10"><span class='ocrx_word' id='word_1_523' title='bbox 324 2835 452 2868; x_wconf 78' lang='lat' dir='ltr'>Pareo.</span> <span class='ocrx_word' id='word_1_524' title='bbox 476 2834 632 2868; x_wconf 74' lang='lat' dir='ltr'>vIliatmn</span> <span class='ocrx_word' id='word_1_525' title='bbox 652 2844 845 2878; x_wconf 80' lang='lat' dir='ltr'>perperam</span> <span class='ocrx_word' id='word_1_526' title='bbox 872 2833 941 2875; x_wconf 80' lang='lat' dir='ltr'>def.</span> <span class='ocrx_word' id='word_1_527' title='bbox 969 2833 1170 2877; x_wconf 71' lang='lat' dir='ltr'>(r&#39;eppertas</span> <span class='ocrx_word' id='word_1_528' title='bbox 1197 2832 1347 2866; x_wconf 61' lang='lat' dir='ltr'>‘Ztsclmn</span> <span class='ocrx_word' id='word_1_529' title='bbox 1377 2832 1402 2874; x_wconf 79' lang='lat' dir='ltr'>f.</span> <span class='ocrx_word' id='word_1_530' title='bbox 1428 2831 1471 2866; x_wconf 82' lang='lat' dir='ltr'>G.</span> <span class='ocrx_word' id='word_1_531' title='bbox 1500 2830 1572 2866; x_wconf 54' lang='lat' dir='ltr'>Hs)</span> <span class='ocrx_word' id='word_1_532' title='bbox 1603 2830 1682 2864; x_wconf 81' lang='lat' dir='ltr'>XX</span> <span class='ocrx_word' id='word_1_533' title='bbox 1704 2840 1743 2873; x_wconf 86' lang='lat' dir='ltr'>p.</span> <span class='ocrx_word' id='word_1_534' title='bbox 1759 2832 1844 2864; x_wconf 68' lang='lat'><em>212.</em></span> 
     </span>
     <span class='ocr_line' id='line_1_51' title="bbox 323 2886 1204 2931; baseline 0.001 -12"><span class='ocrx_word' id='word_1_535' title='bbox 323 2887 482 2920; x_wconf 66' lang='lat' dir='ltr'>Ceterum</span> <span class='ocrx_word' id='word_1_536' title='bbox 509 2898 538 2921; x_wconf 72' lang='lat' dir='ltr'>v.</span> <span class='ocrx_word' id='word_1_537' title='bbox 568 2890 671 2921; x_wconf 60' lang='lat'><em>300--</em></span> <span class='ocrx_word' id='word_1_538' title='bbox 686 2890 754 2921; x_wconf 87' lang='grc'>302</span> <span class='ocrx_word' id='word_1_539' title='bbox 780 2886 858 2920; x_wconf 78' lang='lat' dir='ltr'>secl.</span> <span class='ocrx_word' id='word_1_540' title='bbox 886 2886 971 2920; x_wconf 79' lang='lat' dir='ltr'>olim</span> <span class='ocrx_word' id='word_1_541' title='bbox 1005 2886 1204 2931; x_wconf 70' lang='lat' dir='ltr'>Vssinqius</span> 
     </span>
    </p>
   </div>
  </div>
 </body>
</html>
