1946 3344
780 184 1053 221 PRAEFATIO
1560 185 1678 221 ΧΧΠΙ

156 296 282 338 modo
317 311 409 337 cum
446 295 656 337 Palatinis
690 294 745 352 (v.
775 296 873 337 297.
906 297 1006 338 447.
1039 296 1136 338 509.
1172 296 1267 337 767.
1301 295 1399 338 942.
1426 295 1523 337 984.
1560 296 1683 337 1012.

155 365 286 423 1126)
326 367 453 408 modo
494 381 588 408 cum
628 367 751 408 libris
790 367 1065 422 interpolatis
1105 366 1222 423 (329.
1264 368 1362 410 596.
1398 367 1522 408 1062.
1557 366 1682 408 1145.

159 436 291 494 1169)
336 437 533 479 ‘veteres’
566 438 767 480 Lambini
807 439 1094 480 consentiunt.
1155 438 1274 480 Idem
1314 440 1456 480 autem
1490 438 1603 479 valet
1633 437 1683 478 de

149 510 386 564 scripturis,
412 523 519 564 quae
545 509 747 551 facillime
768 509 1080 551 correctoribus
1107 510 1374 550 tribuuntur:
1401 524 1438 551 v.
1458 509 1558 551 457.
1583 509 1681 550 483.

151 581 248 622 600.
271 581 367 622 731.
391 580 516 622 1326.
540 580 664 623 1331.
696 580 806 622 Item
827 595 864 622 v.
880 580 978 635 666,
1000 595 1127 635 quam
1147 595 1232 623 non
1255 581 1360 622 satis
1376 582 1570 622 accurate
1591 579 1681 621 red-

150 652 247 694 dere
274 652 416 706 pot-uit
449 651 704 706 scripturam
738 651 791 693 ad
822 652 893 693 sed
921 665 992 693 nec
1022 653 1136 694 mast
1161 653 1213 693 ab
1242 652 1553 706 interpolatore
1580 666 1682 706 quo-

149 723 246 764 dam
268 723 557 778 excogitatum
581 723 881 764 revocaverim.
915 722 1105 777 Apertae
1126 723 1452 777 interpolationi
1474 723 1683 764 debentur

150 796 284 849 inepti
317 795 598 837 semihomines
630 792 700 850 (cf.
729 794 910 849 append.
937 794 991 835 ad
1019 809 1056 835 v.
1083 791 1210 849 315),
1242 809 1349 849 quos
1384 792 1566 851 (uidisti)
1597 795 1685 835 sem‘

152 867 364 921 scriptura
402 866 588 920 peperit,
628 866 817 919 itemque
852 865 1090 919 scripturae
1121 879 1223 907 neue
1253 867 1493 908 occentassit
1528 881 1565 907 v.
1599 866 1683 906 776

150 953 292 980 merus
325 941 399 979 aut
431 951 549 978 error
580 939 653 978 aut
691 936 808 978 fraus
842 937 1001 979 subest.
1065 935 1147 978 Sed
1180 937 1233 978 ad
1271 937 1346 978 illa
1379 937 1681 992 supplementa

150 1023 244 1050 cum
280 1009 320 1050 T
346 1008 647 1050 convenientia
680 1008 888 1050 accedunt
921 1024 957 1050 v.
991 1008 1078 1051 295
1112 1011 1154 1050 et
1186 1024 1222 1050 v.
1257 1009 1361 1064 648,
1394 1009 1468 1050 ubi
1500 1011 1682 1063 utroque

150 1081 241 1122 loco
275 1095 406 1122 unum
439 1079 566 1134 idque
598 1080 892 1134 praestantius
926 1095 977 1122 ex
1003 1081 1168 1123 duobus
1197 1095 1305 1135 quae
1332 1079 1604 1122 Camerarius
1637 1080 1682 1120 in

150 1151 504 1194 annotationibus
538 1152 814 1206 proposuerit
853 1152 1164 1206 supplementis
1197 1167 1246 1193 ex
1279 1151 1415 1193 elibris
1448 1150 1681 1193 veteribus’

154 1223 294 1264 affert:
327 1225 454 1278 atque
487 1222 625 1264 altero
659 1222 754 1264 loco
782 1222 1062 1264 memorabile
1084 1225 1149 1264 est
1169 1222 1427 1264 Lambinum
1450 1221 1682 1265 Camerarii

151 1295 450 1349 supplementa
487 1309 523 1337 V.
563 1294 660 1336 649.
701 1294 780 1336 651
826 1309 911 1335 non
958 1295 1098 1336 minus
1145 1297 1262 1336 certa
1305 1294 1433 1348 plane
1473 1295 1683 1347 omittere,

151 1382 189 1408 v.
221 1368 364 1407 autem
398 1366 485 1407 650
522 1380 600 1420 pro
634 1364 870 1408 Camerarii
911 1365 1158 1407 coniectura
1195 1379 1271 1420 per
1313 1380 1355 1407 se
1388 1380 1476 1407 non
1508 1380 1682 1420 prorsus

152 1437 395 1478 reiectanea
417 1437 675 1492 scripturam
696 1436 833 1478 multo
857 1436 1178 1491 exquisitiorem
1198 1436 1377 1491 ipsaque
1399 1452 1527 1492 quam
1556 1452 1684 1491 supra

151 1509 475 1562 explanavimus
538 1508 840 1550 observatione
903 1508 1291 1550 commendabilem
1332 1510 1484 1561 paucis
1539 1509 1683 1562 expedi

150 1582 347 1634 testatur,
368 1594 474 1634 quae
496 1580 549 1621 ab
570 1579 707 1634 ipsius
730 1579 882 1620 saltem
898 1579 1098 1620 Lambini
1121 1579 1434 1634 supplementis
1454 1582 1545 1621 toto
1567 1581 1683 1621 caelo

153 1651 296 1693 distet.
345 1650 454 1692 Item
488 1650 710 1706 egregium
745 1650 1092 1705 supplementum
1127 1650 1342 1706 similique
1376 1651 1544 1692 ratione
1571 1665 1682 1692 com-

152 1723 394 1764 mendabile
434 1723 591 1776 uesperi
628 1737 665 1763 v.
698 1722 782 1763 417
824 1722 938 1763 illius
978 1722 1060 1763 fide
1100 1722 1266 1764 nititur.
1336 1722 1495 1771 Quodsi
1535 1723 1683 1764 statim

150 1809 188 1836 v.
225 1794 469 1849 insequenti
506 1794 593 1835 418
638 1797 739 1848 post
782 1807 903 1835 mane
950 1792 1036 1850 (vel
1077 1794 1131 1836 ob
1170 1807 1280 1835 mmo
1319 1808 1466 1836 vocem
1505 1808 1607 1848 prae
1641 1794 1684 1835 B

153 1866 363 1920 scriptura
407 1866 574 1907 inanem
618 1863 922 1921 spernendum)
974 1865 1168 1920 ineptum
1219 1880 1287 1907 me
1333 1865 1469 1907 iudice
1515 1865 1684 1920 supple-

152 1940 344 1979 mentum
382 1935 643 1993 mulieremss)
682 1936 865 1991 profert,
910 1936 981 1978 vix
1026 1936 1194 1992 dubito,
1239 1937 1342 1991 quin
1387 1937 1554 1979 schedis
1595 1937 1683 1977 suis

153 2008 353 2062 deceptus
385 2008 497 2049 male
529 2007 612 2049 huc
644 2008 842 2061 traxerit,
884 2008 997 2062 quod
1031 2007 1083 2049 ad
1116 2023 1152 2050 v.
1185 2009 1272 2050 415
1306 2006 1491 2064 (vacher)
1525 2008 1683 2049 exitum

151 2079 449 2134 corrigendum
486 2080 754 2134 pertinuerit.
815 2078 927 2120 Illud
962 2093 1062 2121 vero
1101 2079 1188 2121 iam
1225 2079 1488 2121 Ritschelius
1528 2080 1683 2121 extulit

154 2151 324 2205 saepius
358 2150 616 2192 Lambinum
656 2151 812 2192 diserte
851 2150 1126 2205 graviterque
1168 2151 1297 2192 etiam
1332 2166 1439 2206 quae
1482 2150 1685 2193 admittat

154 2224 454 2277 supplementa
481 2222 673 2264 codicum
695 2237 774 2277 ope
802 2222 1008 2263 destituta
1029 2222 1167 2264 dicere
1195 2221 1265 2279 (cf.
1287 2238 1384 2277 app.
1407 2223 1457 2264 ad
1480 2237 1516 2263 v.
1542 2220 1683 2274 1138).

273 2294 390 2343 Quae
429 2294 465 2335 si
497 2293 641 2335 animo
674 2293 1139 2349 comprehenderimus,
1177 2294 1399 2335 fatendum
1433 2294 1514 2335 erit
1546 2308 1682 2348 neque

155 2365 349 2419 decipere
384 2365 569 2407 voluisse
596 2364 855 2406 Lambinum
888 2368 931 2406 et
964 2365 1197 2420 scripturas
1231 2366 1457 2420 quasdam,
1491 2365 1559 2407 vix
1587 2380 1683 2407 con-

154 2437 350 2490 iecturas,
382 2436 580 2492 egregias
613 2435 684 2493 (ex
712 2435 797 2492 TP)
831 2437 1111 2491 excerpsisse:
1144 2451 1250 2492 quas
1283 2440 1429 2479 tamen
1456 2437 1560 2478 adeo
1589 2451 1682 2477 cum

249 2570 282 2615 ²⁸)
309 2571 342 2606 N
347 2583 365 2606 e
386 2571 426 2607 G.
447 2570 651 2606 Hermanni
677 2570 825 2615 quidem
852 2574 1103 2606 commentum
1130 2584 1202 2617 quo
1223 2571 1442 2618 scripturam
1462 2572 1565 2606 illam
1587 2573 1682 2606 tuta-

156 2624 264 2659 batur
290 2624 439 2668 probari
466 2623 622 2669 poterit,
649 2625 711 2669 qui
739 2625 833 2660 conl.
859 2624 1024 2661 Varrone
1052 2626 1150 2671 apud
1172 2626 1333 2661 Nonium
1360 2639 1393 2670 p.
1423 2630 1501 2668 140,
1531 2629 1571 2658 16
1599 2636 1681 2659 cou-

153 2677 358 2713 iunctivnm
384 2689 462 2712 csse
489 2677 608 2713 voluit
634 2677 737 2712 verbi
763 2689 880 2722 neque
912 2677 1075 2713 Plautini
1103 2690 1220 2723 neque
1248 2679 1292 2714 de
1318 2678 1400 2722 ipsa
1426 2677 1580 2711 muliere
1608 2689 1680 2711 om-

156 2731 242 2765 nino
269 2731 358 2776 apti.
405 2731 575 2767 Ceterum
602 2732 695 2766 hanc
722 2732 923 2767 Hel-manni
952 2733 1175 2768 sententiam
1205 2732 1265 2778 (cf.
1289 2732 1398 2765 etiam
1422 2744 1454 2774 p.
1480 2730 1561 2764 xvi
1582 2732 1682 2774 adn.)

155 2784 239 2819 ideo
271 2796 335 2830 per
366 2784 636 2829 praefationem
664 2797 928 2830 commemoro,
964 2787 1051 2830 quia
1084 2786 1274 2830 exemplar
1300 2783 1515 2818 lteizianum
1544 2784 1590 2817 ab
1616 2783 1681 2817 illo

156 2849 272 2882 usquc
300 2838 346 2872 ad
373 2849 421 2873 sc.
449 2838 500 2871 HI
528 2844 548 2872 3
577 2840 844 2884 pertractatum
874 2839 1048 2875 absoluta
1072 2840 1145 2874 iam
1174 2839 1335 2873 editione
1363 2837 1397 2870 in
1427 2848 1555 2870 manus
1582 2849 1682 2871 meas

156 2891 338 2935 pervenit:
368 2903 593 2936 quamquam
620 2893 796 2937 pleraque
824 2893 919 2928 inter
940 2893 1195 2936 corrigendum
1219 2890 1372 2933 inserui,
1399 2890 1578 2925 nonnulla
1599 2902 1679 2925 mox

157 2943 292 2978 cantici
318 2944 409 2980 locis
435 2945 673 2981 subscribam.
