1946 3344
238 174 305 210 XX
864 174 1139 211 PRAEFATIO

245 287 393 338 aperto
425 300 462 325 v.
496 285 581 326 692
615 284 801 338 defectu,
834 285 904 339 qui
937 286 1050 326 recte
1083 285 1136 326 ab
1169 285 1244 326 illo
1278 285 1427 341 distat,
1460 287 1495 328 si
1528 302 1563 328 v.
1598 287 1684 329 690
1705 302 1764 342 sq.

244 355 461 411 longiores
495 355 723 409 bipartitos
755 355 889 397 fuisse
923 370 1157 397 censemus.

361 426 524 468 Eodem
565 426 692 468 modo
733 426 847 468 aliud
881 427 1227 481 supplementum
1262 442 1402 469 meum
1434 431 1585 484 postea
1617 430 1766 471 confir-

242 498 348 539 mari
382 497 476 538 vidi.
522 496 693 538 Etenim
728 513 763 539 v.
799 498 884 539 715
917 513 1012 539 cum
1046 498 1121 539 alii
1154 499 1476 553 transponendo
1510 501 1767 554 sanaverint,

242 569 347 609 mihi
380 569 514 609 satius
548 568 687 609 visum
721 571 785 610 est
817 569 991 623 reliquis
1025 569 1206 611 servatis
1240 584 1386 612 vocem
1418 571 1462 612 in
1493 572 1575 612 fine
1603 571 1767 626 addere,

244 640 446 694 quoniam
481 655 517 681 V.
553 640 637 682 712
654 655 716 694 sq.
749 644 897 694 aperte
930 641 976 682 in
1008 641 1091 682 fine
1123 642 1265 683 mutili
1297 644 1409 684 sunt.
1470 642 1559 684 Iam
1590 658 1689 685 vero
1721 646 1769 685 ut

242 711 323 752 hoc
361 711 456 752 1060
489 726 597 752 1111113
632 711 858 753 intercedit
894 725 980 754 non
1012 714 1255 766 truncatus,
1293 713 1355 754 ita
1386 729 1423 755 v.
1458 714 1693 756 698—700
1725 716 1769 756 et

245 797 278 823 v.
315 783 398 823 702
439 784 585 823 carent
617 783 864 838 principiis,
907 785 954 824 ut
992 799 1029 824 v.
1063 783 1146 825 699
1165 799 1224 839 sq.
1263 786 1306 826 et
1339 785 1422 826 702
1460 785 1634 826 lacunas
1673 799 1769 827 con-

242 868 370 909 gruas
404 854 652 906 ostendant,
686 855 828 896 versui
861 855 945 897 698
978 856 1128 910 plenus
1163 870 1309 897 versus
1342 856 1618 911 respondeat,
1650 857 1769 899 cuius

242 926 410 966 litterae
430 925 653 980 pauciores
675 926 911 980 marginem
933 927 1170 968 abscissum
1193 942 1279 969 non
1301 928 1534 983 tetigerint,
1555 928 1639 969 nisi
1660 928 1770 969 forte

244 996 347 1038 milei
378 997 423 1038 111
453 997 537 1038 fine
572 999 686 1038 recte
718 997 822 1039 olim
857 997 1061 1053 additum,
1092 1013 1181 1040 non
1206 998 1413 1040 traditum
1446 999 1585 1040 fuerit.
1635 998 1770 1041 Inter-

242 1068 397 1110 cedunt
430 1070 572 1109 autem
607 1069 661 1110 14
688 1071 791 1123 sept.
819 1069 955 1111 troch.
984 1084 1079 1111 cum
1107 1085 1259 1112 saeuae
1286 1070 1583 1125 inscriptione,
1616 1070 1769 1125 quibus

244 1139 465 1181 commode
499 1141 555 1181 20
588 1154 732 1182 versus
766 1141 927 1195 expleri
958 1144 1172 1195 poterant.

360 1209 477 1251 Idem
511 1211 852 1265 septenariorum
885 1226 1086 1253 numerus
1121 1212 1211 1254 sine
1238 1213 1516 1268 inscriptione
1543 1214 1771 1256 intercedit

244 1282 356 1323 inter
388 1297 425 1322 v.
455 1282 539 1323 724
571 1281 697 1323 initio
733 1281 999 1323 deficientem
1031 1285 1074 1323 et
1106 1298 1140 1324 v.
1169 1283 1252 1324 738
1286 1285 1386 1324 ante
1412 1284 1541 1325 finem
1568 1284 1769 1326 dilacera—

242 1356 353 1394 tum:
399 1352 472 1394 ubi
517 1368 614 1394 cum
654 1353 723 1393 vix
768 1355 834 1394 tot
871 1367 1019 1395 versus
1059 1356 1162 1408 quot
1201 1354 1496 1395 desiderantur
1538 1355 1769 1410 bipartitos

244 1424 373 1465 fuisse
401 1424 676 1478 concesseris,
701 1424 857 1465 iterum
886 1424 966 1465 hac
995 1426 1317 1479 computatione
1340 1426 1559 1468 stabilitur
1585 1427 1770 1482 suspicio

243 1495 412 1537 aliunde
446 1498 678 1550 prognata,
712 1511 796 1550 qua
828 1498 927 1537 ante
954 1511 994 1537 v.
1023 1497 1107 1538 726
1136 1497 1333 1538 lacunam
1361 1498 1494 1539 statui
1519 1513 1604 1540 uno
1632 1514 1772 1554 versu,

244 1568 412 1621 qualem
446 1567 629 1622 exempli
663 1582 792 1608 causa
829 1568 1051 1623 proposui,
1090 1568 1276 1610 fortasse
1322 1569 1514 1611 nondum
1547 1571 1771 1625 expletam.

244 1638 470 1680 Praeterea
515 1653 609 1679 cum
654 1638 874 1693 proximus
921 1639 1049 1680 etiam
1091 1642 1190 1693 post
1228 1655 1264 1682 v.
1308 1641 1392 1682 724
1435 1655 1583 1683 versus
1629 1646 1772 1685 careat
1832 1691 1837 1698 ⁶

245 1710 436 1763 exordio,
469 1712 617 1751 contra
650 1710 791 1751 versui
826 1710 908 1751 739
941 1710 1048 1751 nihil
1083 1711 1228 1752 deesse
1261 1711 1474 1766 videatur,
1507 1713 1593 1754 illic
1624 1714 1769 1756 nescio
1828 1700 1831 1702 .

246 1796 297 1821 an
329 1794 411 1823 esse
441 1784 583 1822 natam
616 1781 747 1822 verba
779 1795 829 1822 ex
862 1796 986 1823 versu
1019 1782 1291 1823 antecedenti
1323 1783 1521 1837 suppleta
1555 1784 1652 1825 sint.

363 1851 607 1893 Planiorem
641 1852 772 1893 etiam
806 1852 1063 1907 explicatum
1096 1853 1240 1908 habet,
1273 1854 1385 1909 quod
1418 1869 1564 1896 versus
1593 1855 1675 1898 798
1703 1856 1771 1897 de·

246 1925 450 1965 trimento
477 1923 585 1965 nihil
612 1923 864 1978 respondet:
896 1924 1154 1978 praecedunt
1181 1925 1293 1966 6111111
1324 1926 1376 1967 18
1405 1926 1561 1968 senarii
1589 1942 1683 1968 cum
1710 1927 1769 1968 111-

247 1996 496 2050 scriptione,
529 1998 627 2036 ante
661 2010 790 2049 quam
816 1997 933 2036 totus
960 2010 1109 2037 versus
1135 1996 1179 2037 in
1199 1996 1336 2038 BOD
1361 1997 1593 2039 intercidit:
1625 1996 1771 2052 itaque

247 2081 434 2121 congrua
465 2067 620 2108 lacuna
652 2069 726 2108 aut
759 2066 811 2107 ad
844 2066 1134 2121 inscriptionis
1169 2067 1356 2121 spatium
1383 2068 1588 2123 pertinet,
1620 2069 1656 2110 si
1689 2068 1770 2110 duo

248 2152 393 2179 versus
427 2138 691 2191 complebat,
725 2140 798 2178 aut
832 2137 884 2178 ad
917 2152 1087 2179 versum
1121 2138 1339 2181 omissum.

365 2207 604 2249 Manifesto
626 2208 729 2249 item
752 2208 982 2250 cohaerent
1001 2209 1136 2262 naevi,
1156 2209 1310 2263 quibus
1332 2224 1369 2251 v.
1384 2210 1471 2251 930
1486 2212 1585 2263 post
1599 2210 1770 2252 initium

248 2283 289 2321 ct
330 2295 365 2321 v,
398 2279 483 2320 945
523 2282 622 2321 ante
663 2280 792 2321 finem
834 2281 1009 2322 voculae
1048 2278 1297 2337 (erozrctro)
1339 2281 1589 2323 obscuratae
1627 2282 1770 2336 potius

249 2366 375 2405 quain
413 2365 586 2404 prorsus
615 2351 780 2392 deletae
814 2351 944 2393 fuisse
973 2351 1168 2393 videntur
1200 2352 1244 2392 in
1277 2352 1526 2407 archetypo:
1560 2367 1659 2394 nam
1686 2368 1771 2395 non

249 2422 374 2462 modo
415 2421 533 2462 sedes
573 2422 912 2475 corruptelarum
951 2422 1176 2476 oppositae
1216 2426 1332 2478 sunt,
1376 2423 1447 2465 sed
1494 2423 1624 2465 etiam
1663 2439 1770 2479 quae

247 2492 516 2535 intercedunt
548 2492 604 2532 20
639 2507 834 2534 versuum
868 2493 1052 2548 paginae
1086 2494 1360 2536 conveniunt.

367 2563 502 2605 Porro
537 2577 631 2605 cum
665 2563 844 2606 duorum
877 2579 1078 2606 versuum
1116 2564 1228 2607 1065
1241 2579 1301 2620 sq.
1337 2565 1502 2607 defectu
1530 2580 1661 2607 111111111
1689 2567 1772 2608 sal-

250 2640 337 2676 tem
381 2634 598 2685 convenit,
645 2635 757 2688 quod
803 2635 875 2689 qui
920 2636 1031 2677 iusto
1077 2636 1216 2688 spatio
1262 2636 1508 2678 intermisso
1558 2636 1772 2678 antecedit

249 2722 285 2747 v.
310 2706 421 2747 1046
448 2707 584 2747 metro
611 2705 798 2746 deficiat:
832 2706 943 2759 quod
970 2721 1066 2747 cum
1093 2706 1165 2747 alii
1187 2706 1285 2747 aliis
1313 2721 1459 2748 versus
1480 2707 1585 2749 locis
1607 2707 1771 2749 affectis

250 2777 550 2831 sustentarint,
594 2776 737 2818 hiatus
781 2778 922 2818 autem
968 2777 1155 2818 fautores
1202 2777 1283 2818 sibi
1324 2778 1467 2818 favere
1506 2777 1772 2831 crediderint,

251 2850 335 2888 iani
363 2847 602 2889 necessario
629 2848 673 2889 in
699 2862 845 2889 versus
872 2847 1083 2902 principio
1111 2847 1300 2889 addendo
1329 2863 1537 2903 curamus,
1564 2849 1636 2890 ubi
1657 2849 1773 2890 Male

250 2916 419 2974 (metuo)
466 2919 629 2973 scripsi.
699 2917 819 2968 Quod
860 2933 958 2961 vcro
1003 2918 1120 2974 prior
1165 2933 1310 2960 versus
1357 2918 1543 2976 (praeter
1581 2918 1770 2963 litteram
