1946 3344
231 191 317 226 XIV
853 189 1124 224 PRAEFATIO

230 298 424 356 tionesss)
468 299 674 354 praebere
714 296 904 353 (praeter
941 296 1089 354 unam)
1129 313 1264 353 neque
1304 314 1583 353 personarum
1623 302 1760 353 notas,

231 371 304 412 sed
332 371 472 425 spatia
504 370 572 410 his
599 369 776 424 reliquit
801 383 849 411 ae
877 369 1127 423 saepissime
1160 370 1325 411 litteras
1352 371 1611 412 majusculas
1638 371 1759 412 initio

231 442 439 484 adhibuit.
501 440 730 482 Praeterea
762 443 804 481 et
836 441 1007 495 saepius
1041 443 1084 482 et
1114 440 1245 482 latius
1276 455 1351 496 per
1384 441 1571 496 duplices
1603 442 1646 483 in
1677 442 1759 484 hac

230 513 376 554 fabula
415 512 637 554 columnas
677 511 941 566 scripserunt
979 512 1147 553 librarii
1181 510 1317 567 (velut
1348 513 1391 554 in
1424 514 1623 568 prologo,
1662 513 1759 554 dein

227 584 254 626 f.
291 584 406 625 1721:
455 584 567 624 174&
615 582 725 624 1751.
772 580 916 638 1765,
961 583 1072 638 quod
1117 583 1377 638 singillatim
1422 584 1627 626 adnotare
1671 599 1758 626 non

226 656 357 696 iuvat.
428 654 622 695 Diversis
662 655 804 694 autem
845 653 996 695 scribis
1035 654 1288 696 mandatum
1326 654 1457 696 fuisse
1491 655 1757 697 describendi

227 741 383 767 munus
409 724 505 766 ideo
526 725 778 780 urgendum,
807 725 906 779 quia
925 724 1024 766 inde
1045 725 1313 779 explicantur
1340 726 1518 768 lacunae
1537 727 1583 768 in
1604 741 1757 769 scaena

226 796 267 837 II
299 798 328 838 4
358 796 554 851 relictae,
588 796 743 850 quibus
777 795 1072 851 decipiebatur
1093 796 1483 853 Fleckeisenus.*⁷³‘)
1540 797 1656 840 Nam
1676 797 1756 840 Vs-

227 868 366 923 singio
400 867 570 923 quidem
603 868 629 909 l.
663 882 694 909 s.
729 883 759 909 s.
792 883 831 922 p.
865 868 950 909 478
985 867 1128 910 nescio
1161 868 1271 909 unde
1304 867 1550 923 ‘apparuit',
1583 884 1679 911 cum
1711 870 1755 910 in

227 939 449 993 archetypi
487 939 738 980 membrana
783 939 927 980 vitiosi
973 939 1057 981 loci
1101 939 1284 980 fuissent
1329 941 1587 995 scripturam
1628 954 1755 996 aegre

224 1010 482 1064 recipientes
516 1024 674 1064 eosque
706 1009 887 1051 vitasset
918 1010 1146 1066 librarius,
1178 1026 1256 1066 pro
1289 1011 1453 1053 lacunis
1487 1027 1559 1053 eos
1592 1011 1754 1067 cepisse

224 1081 382 1123 codicis
421 1081 465 1123 B
506 1081 729 1122 librarium
767 1081 984 1135 nimiaque
1029 1097 1129 1123 cura
1176 1097 1247 1124 eos
1293 1082 1543 1124 reddidisse:
1586 1085 1630 1124 at
1666 1098 1754 1124 non

222 1152 349 1193 modo
383 1152 708 1207 simpliciorem,
741 1152 815 1193 sed
847 1167 994 1194 verani
1029 1153 1167 1194 dicere
1198 1157 1394 1195 nostram
1421 1155 1753 1208 explicationem

222 1221 292 1279 (cf.
326 1224 379 1264 ad
410 1223 535 1265 inser.
569 1238 624 1265 sc.
656 1222 699 1264 ΙΙ
730 1221 778 1279 4)
813 1237 860 1265 eo
894 1224 1037 1265 minus
1071 1224 1305 1279 dubitabis,
1345 1226 1443 1279 quia
1476 1226 1612 1267 altero
1645 1225 1753 1280 loco,

221 1308 347 1348 quem
380 1294 570 1349 neglexit
601 1293 850 1350 VssingiUS,
888 1295 1017 1350 plane
1061 1295 1340 1338 confirmatur
1372 1294 1444 1353 (cf.
1483 1297 1535 1338 ad
1562 1313 1598 1339 v.
1632 1294 1751 1353 976).

219 1364 271 1406 In
305 1365 486 1420 singulis
521 1367 663 1406 autem
697 1368 738 1406 et
771 1365 821 1407 de
855 1366 899 1407 B
932 1369 974 1407 et
1006 1366 1057 1408 de
1091 1366 1126 1408 C
1163 1367 1305 1408 codiee
1342 1368 1603 1410 testimoniis
1637 1368 1673 1409 si
1705 1368 1748 1409 in

219 1450 475 1490 unaquaque
520 1435 608 1477 fere
653 1437 814 1491 pagina
854 1440 1112 1492 apparatum
1151 1440 1347 1480 nostrum
1394 1439 1446 1480 ab
1485 1438 1749 1495 Vssingiano

218 1521 305 1549 non
339 1508 487 1562 semel,
522 1507 596 1549 sed
629 1508 798 1562 saepius
830 1510 921 1549 tam
953 1509 998 1549 in
1030 1509 1208 1551 minutis
1240 1524 1369 1564 quam
1402 1510 1446 1550 in
1478 1510 1749 1565 gravioribus

221 1578 350 1619 rebus
384 1578 554 1620 differre
587 1579 796 1633 invenies,
827 1579 906 1620 has
939 1594 1086 1621 omnes
1121 1580 1430 1635 discrepantias
1458 1582 1568 1623 scias
1595 1596 1659 1623 me
1685 1585 1749 1624 ta-

218 1650 301 1690 cite
339 1650 587 1704 respexisse.
649 1650 794 1704 Ipsam
834 1651 948 1692 enim
986 1652 1276 1693 recensionem
1309 1667 1403 1693 cum
1436 1652 1525 1694 fere
1557 1652 1643 1694 iam
1675 1654 1747 1695 ab·

218 1720 460 1774 solvissem,
503 1721 574 1762 ubi
607 1719 803 1777 Vssingii
837 1721 1067 1763 editionem
1101 1723 1265 1777 accepi,
1304 1723 1416 1764 inter
1448 1724 1746 1779 corrigendum

216 1791 458 1845 ubicunque
492 1792 607 1832 illius
647 1792 897 1834 testimonia
930 1793 1150 1834 differrent
1181 1794 1231 1835 de
1262 1794 1307 1836 B
1338 1795 1496 1836 iterum
1529 1795 1747 1850 exemplar

217 1876 241 1902 a
273 1862 523 1914 Ritschelio,
555 1861 727 1905 Loewio
761 1878 912 1918 meque
944 1864 1038 1919 ipso
1072 1867 1309 1906 correctum
1341 1866 1550 1921 consului,
1582 1866 1618 1908 G
1645 1881 1744 1909 vero

213 1933 355 1986 ipsum
388 1933 573 1988 inspexi,
615 1949 741 1989 quem
774 1935 861 1976 iam
893 1950 990 1977 vere
1029 1951 1065 1978 a.
1097 1935 1515 1979 MDOCOLXXXVI
1547 1940 1744 1980 accurate

215 2004 489 2045 contuleram.
566 2004 657 2054 Quo
710 2005 872 2047 factum
917 2009 999 2061 est,
1050 2009 1098 2048 ut
1141 2007 1279 2049 tribus
1330 2011 1586 2063 quattuorve
1635 2010 1743 2052 locis

214 2089 356 2116 meum
389 2076 601 2130 quendam
634 2077 678 2118 in
704 2077 1055 2119 transscribendo
1083 2078 1151 2119 vel
1179 2079 1432 2134 corrigendo
1459 2095 1647 2123 errorem
1674 2081 1742 2122 de-

212 2146 539 2202 prehenderem,
570 2148 824 2203 plerumque
857 2149 978 2190 illum
1011 2164 1152 2191 errare
1184 2151 1424 2205 probarem.

330 2216 375 2258 D
401 2232 568 2272 quoque
601 2219 789 2262 codicem
821 2222 864 2261 et
885 2219 1080 2261 Loewius
1114 2223 1157 2262 et
1188 2235 1268 2277 ego
1301 2224 1441 2264 totum
1463 2224 1742 2266 excussimus.

214 2289 355 2341 Atque
398 2289 623 2331 schedulae
669 2291 835 2332 cuidam
873 2291 1069 2333 Loewius
1115 2292 1361 2347 adscripsit,
1406 2294 1519 2348 quod
1565 2296 1738 2337 omnino

306 2454 339 2498 ³³³)
371 2452 490 2498 Ipsius
522 2453 671 2488 fabulae
706 2454 941 2500 inscriptioni
972 2466 1124 2492 INCIPIT
1149 2466 1306 2492 RVDENS
1342 2457 1441 2502 quod
1472 2460 1620 2502 praeter
1652 2470 1736 2494 con-

211 2505 444 2541 suetudinem
478 2506 626 2541 additur
652 2516 757 2542 LEGE
783 2507 952 2543 Loewius
979 2509 1193 2554 dubitabat,
1225 2512 1348 2545 utrum
1374 2520 1469 2546 LEGI
1496 2510 1734 2557 significaret,

209 2570 256 2593 an
275 2568 381 2594 LEGE
408 2559 608 2604 (feliciter),
634 2560 705 2594 nisi
725 2561 772 2594 ad
786 2562 918 2605 pantio
938 2563 1162 2598 vocabulum
1182 2563 1361 2599 adhibeas
1382 2565 1449 2599 sub
1470 2565 1580 2599 finem
1599 2565 1735 2600 Persae

207 2613 403 2647 traditum:
430 2613 502 2647 hoc
523 2614 622 2648 certe
644 2614 835 2649 excludere
856 2614 947 2649 mihi
969 2615 1141 2651 videntur
1160 2616 1264 2661 ipsae
1289 2617 1454 2652 litterae:
1481 2618 1546 2651 sed
1565 2628 1611 2652 ne
1630 2618 1730 2663 prio-

208 2677 264 2700 res
297 2666 447 2709 quidem
481 2666 747 2712 explicationes
780 2679 927 2712 prorsus
961 2667 1205 2703 satisfaciunt.
1263 2668 1344 2704 Etsi
1375 2679 1501 2705 LEGEI
1531 2682 1606 2706 non
1637 2672 1734 2707 male

209 2719 437 2763 cogitatione
464 2719 667 2764 coniungas
695 2731 776 2754 cuni
804 2720 942 2765 insigni
968 2722 1139 2756 notarum
1167 2721 1378 2757 criticamm
1406 2724 1513 2768 copia
1538 2724 1575 2758 in
1597 2724 1732 2770 margi-

207 2772 315 2807 nibus
343 2785 447 2808 erasa
472 2773 510 2807 in
536 2774 582 2808 B.

303 2826 358 2870 **)
385 2827 433 2861 Et
458 2838 523 2871 per
542 2826 693 2862 lacunas
719 2829 928 2862 numeratas
955 2830 993 2862 et
1012 2840 1076 2872 per
1096 2828 1189 2862 alias
1211 2828 1484 2873 discrepantias
1505 2842 1731 2875 quamquam

207 2879 316 2913 huius
343 2880 516 2915 editionis
537 2881 680 2915 numeri
699 2880 899 2916 admodum
920 2880 1093 2916 differant
1112 2893 1134 2916 a
1153 2881 1467 2927 Fleckeiseniana‚
1494 2885 1619 2918 tamen
1639 2884 1727 2919 item

147 2938 161 2950 ·
207 2934 249 2966 ut
273 2931 311 2966 in
339 2933 505 2977 Captivis
532 2934 675 2978 curavi,
702 2935 744 2968 ut
769 2934 807 2968 in
831 2933 1042 2969 universum
1071 2935 1320 2971 convenirent.
