1946 3344
252 241 278 281 6
932 235 1108 271 PLAVTI
1518 237 1613 271 Pr01.
1638 239 1774 270 13—22

253 347 363 390 Huic
397 349 653 403 {argumento
687 346 956 401 antelogium
987 345 1070 386 hoc
1101 345 1183 386 fuit
1215 344 1404 386 interim:

253 420 377 462 Nunc
409 420 711 474 argumentum
743 417 867 458 uobis
899 417 1149 458 demensum
1181 416 1306 470 dabo,

254 490 353 532 Non
387 490 529 531 modio
562 503 699 543 neque
731 488 953 543 trimodio,
985 503 1133 529 uerum
1166 488 1259 542 ipso
1292 488 1465 529 horreo:
1739 498 1778 528 15

255 562 440 603 Tantum
475 561 528 602 {id
559 560 822 602 narrandum
856 561 1158 615 argumentum
1192 559 1314 599 adest
1343 557 1624 614 benignitas.)

255 669 472 710 Mercator
505 667 680 722 quidam
712 666 797 709 fuit
829 665 1054 709 Suraeusis
1088 680 1225 707 senex.

256 738 314 781 Es
344 745 441 780 sunt
472 740 588 780 natei
619 738 705 780 filii
739 735 929 794 gemines
959 737 1060 790 duo,

257 810 326 852 Ita
358 810 498 852 forma
529 809 661 851 simili
693 809 857 864 puerei,
890 809 953 850 uti
986 810 1124 850 mater
1156 823 1233 850 sua

258 881 359 924 Non
390 880 633 923 internosse
664 881 813 936 posset
844 894 952 934 quae
985 880 1216 920 mammz'im
1249 879 1400 932 dabat,
1739 889 1784 919 20

258 952 409 1007 Neque
443 953 548 994 {ideo
581 954 720 994 mater
750 951 845 1006 :ipsa
878 965 984 1006 quae
1017 951 1116 992 illos
1149 952 1384 1005 pepererat.

260 1024 340 1080 (Vt
373 1023 544 1079 quidem
576 1024 648 1065 ille
681 1023 789 1064 dixit
820 1021 948 1077 mihi,
981 1022 1054 1076 qui
1086 1036 1242 1076 pueros
1276 1020 1461 1063 uiderat:

263 1154 343 1188 fieri
375 1152 653 1197 frequentatiua
688 1151 818 1195 uerba⁷
856 1150 903 1185 ab
942 1149 1172 1195 appellatiuo
1212 1151 1255 1185 ut
1295 1151 1553 1195 egraecizat
1587 1150 1794 1186 sicilizat

264 1206 463 1252 patrizat’,
490 1218 512 1242 a
536 1204 685 1251 proprio
712 1206 754 1239 ut
781 1204 1031 1239 ‘lentulizat’.
1082 1204 1228 1239 Paulus
1248 1216 1287 1249 p.
1316 1207 1386 1249 23,
1413 1209 1459 1240 17
1487 1206 1564 1240 M..-
1590 1204 1794 1239 atticissat:

264 1260 378 1295 attice
405 1259 570 1303 loquitur
595 1259 767 1293 Plautus:
798 1269 884 1292 non
917 1257 1162 1293 atticissat
1194 1259 1270 1293 sed
1304 1257 1538 1293 sicilissat
1567 1258 1591 1293 i.
1619 1270 1649 1293 e.
1677 1257 1793 1293 sicule

262 1313 449 1358 loquitur:
475 1313 521 1356 cf.
536 1312 762 1356 Leiclolplzus
784 1311 840 1346 ‘cle
855 1311 959 1346 Festi·
979 1315 1011 1346 et
1030 1312 1144 1346 Pauli
1164 1312 1185 1346 l.
1209 1312 1284 1346 Pl?
1301 1323 1341 1356 p.
1362 1315 1446 1353 249,
1471 1312 1630 1347 Baierus
1658 1311 1716 1346 ‘cle
1734 1311 1795 1346 Pl.

262 1367 336 1410 fab.
358 1378 425 1401 rec.
447 1368 481 1400 A
502 1369 533 1400 et
554 1365 601 1400 P'
625 1376 663 1409 p.
686 1367 745 1399 75.
793 1363 1031 1399 atticissabas
1050 1365 1136 1399 hiric
1155 1365 1287 1400 habere
1305 1366 1449 1400 videtur
1463 1366 1640 1400 Sidonius
1653 1365 1795 1409 Apolli-

262 1420 367 1454 ozczris
393 1419 514 1464 Epist.
544 1418 611 1452 IV
635 1421 668 1461 1,
694 1421 716 1452 4
839 1421 893 1452 13.
921 1418 1111 1459 Ausonius
1143 1417 1265 1461 Epist.
1294 1418 1403 1453 XVI
1437 1418 1552 1462 (XII
1574 1419 1627 1453 cd.
1656 1418 1797 1462 Peip.):

266 1472 396 1508 libello
422 1475 549 1507 tamen
575 1471 819 1516 apologorum
845 1470 1005 1505 antetuli
1029 1481 1167 1515 paucos
1201 1470 1389 1515 epodos..
1408 1503 1415 1512 ,
1433 1498 1440 1505 .
1467 1471 1543 1506 fors
1569 1471 1666 1515 fuat,
1698 1472 1741 1506 ut
1766 1471 1797 1506 si

266 1525 359 1560 mihi
393 1526 473 1560 uita,
508 1526 682 1570 suppetet
715 1523 857 1568 aliquid
890 1536 1011 1559 rerum
1049 1525 1198 1559 tuarum
1230 1524 1400 1569 quamuis
1426 1525 1588 1560 incultus
1614 1524 1798 1570 expoliam

270 1608 276 1615 .
295 1579 405 1615 ...hi
430 1578 556 1622 igitur,
583 1581 624 1612 ut
644 1577 798 1612 Plautus
820 1578 884 1621 ait,
912 1578 1099 1612 interim
1118 1578 1194 1623 [sic
1213 1579 1288 1614 cod.
1313 1578 1357 1623 T,
1376 1579 1484 1624 vnly„
1504 1579 1625 1624 Peip.:
1649 1579 1798 1614 interim

267 1635 310 1667 ut
328 1632 482 1667 Plautus
504 1632 558 1666 ait
577 1632 652 1667 cocl.
675 1631 731 1675 M,
752 1631 927 1678 Schenkl]
953 1632 1085 1666 erunt
1105 1630 1393 1676 antelogium
1412 1631 1688 1676 fabularum,
1714 1643 1798 1677 gar-

268 1685 341 1720 ruli
361 1687 398 1720 et
417 1685 643 1730 deceptores.
697 1684 753 1728 Cf.
770 1684 993 1730 Fulycvztius
1012 1685 1146 1720 contin.
1170 1685 1274 1729 Vera.
1291 1696 1328 1729 p.
1345 1688 1418 1720 145
1433 1685 1487 1719 M.
1552 1688 1701 1720 19—21.
1721 1685 1798 1720 No-

270 1740 352 1774 nius
365 1751 401 1783 Ρ.
417 1742 501 1781 343,
521 1742 568 1773 30
580 1738 654 1773 M:
684 1739 841 1772 matrem
862 1740 1007 1773 ueteres
1029 1739 1141 1773 etiam
1155 1738 1337 1772 nutricem
1359 1738 1433 1773 dici
1454 1738 1596 1773 uolunt.
1647 1738 1800 1773 Plautus

270 1792 522 1828 Menaechmis
551 1792 631 1826 ‘ita
646 1820 654 1826 .
670 1821 677 1828 .
695 1819 701 1826 .
718 1819 724 1825 .
740 1792 1019 1836 pepererat’,
1042 1813 1085 1816 —
1106 1792 1427 1836 idcmp.423‚23:
1453 1793 1573 1826 mater
1599 1791 1800 1836 aliquando

269 1858 335 1891 pro
362 1846 504 1880 nutrice
524 1844 698 1890 ponitur.
715 1874 722 1881 .
739 1873 746 1879 .
762 1872 769 1879 .
787 1844 941 1879 Plautus
961 1844 1215 1880 Menaechmis
1240 1845 1319 1879 ‘ita
1334 1872 1341 1878 .
1358 1873 1364 1879 .
1381 1873 1388 1880 .
1404 1873 1410 1879 .
1429 1845 1702 1890 pepererat'.
1744 1844 1801 1888 Cf.

271 1899 465 1934 Rcbliriius
492 1898 549 1933 ‘de
573 1897 671 1934 Nori.
699 1899 720 1933 l.
748 1897 822 1932 Pl?
846 1910 885 1942 1).
913 1901 995 1941 104,
1023 1898 1157 1933 Caesar
1185 1898 1243 1933 ‘cle
1271 1896 1331 1931 Pl.
1359 1908 1456 1931 mem.
1485 1908 1543 1941 ap.
1570 1897 1668 1933 Non.
1693 1898 1798 1933 serv.’

268 1965 307 1998 2).
328 1955 384 1987 31.
415 1973 459 1977 —
486 1951 686 1998 [Seruius]
706 1952 754 1986 ad
772 1951 978 1996 Ver·9.Aen.
1008 1951 1126 1985 VIII
1139 1954 1235 1986 632:
1262 1962 1349 1985 sane
1376 1952 1521 1985 ueteres
1541 1950 1656 1986 etiam
1681 1950 1799 1986 nutri-

274 2016 334 2041 ces
368 2006 504 2040 matres
531 2004 721 2040 uocabant
752 2006 794 2038 ut
826 2004 880 2038 ait
911 2004 1067 2038 Plautus
1099 2004 1136 2038 in
1170 2003 1424 2038 Menaechmis
1459 2003 1517 2038 ‘et
1548 2005 1692 2038 mater
1716 2010 1821 2038 non*

273 2059 422 2104 possit
447 2058 736 2102 dignoscere,
763 2068 876 2102 quae
902 2068 1132 2093 mammam
1159 2057 1317 2092 dabat’

395 2169 447 2199 13.
487 2165 706 2208 argumento
745 2175 788 2199 eoe
827 2165 1048 2207 argumentu
1075 2163 1106 2197 G
1211 2162 1442 2206 antelogium
1478 2163 1658 2200 Muretus.
1709 2164 1803 2199 anti-

274 2218 417 2263 logium
443 2218 640 2252 Ausonius.
692 2218 778 2251 ante
812 2215 1001 2260 elongium
1026 2216 1103 2251 Ba.
1156 2218 1242 2251 ante
1275 2215 1441 2261 elogium
1475 2216 1697 2262 BbGDF,
1729 2218 1806 2253 ‘nisi

275 2302 370 2346 quod
396 2274 560 2344 {logium
585 2300 659 2334 Dc.
711 2299 875 2344 elogium
907 2299 941 2333 Z
1057 2299 1207 2334 interim
1240 2300 1325 2335 add.
1359 2298 1478 2351 gea:
1510 2299 1686 2335 Ausonio.
1737 2311 1804 2336 om.

275 2373 363 2408 libri
389 2370 436 2416 (²¹⁶)
537 2376 591 2405 14.
619 2370 813 2405 demensus
833 2371 918 2405 Ba:
944 2382 1035 2406 corr.
1063 2371 1127 2406 Bb
1241 2374 1293 2405 15.
1322 2354 1434 2405 modi)
1464 2370 1494 2405 0
1586 2371 1723 2417 neque]
1751 2373 1806 2406 at-

275 2437 346 2470 que
373 2425 412 2459 F
510 2424 688 2459 crimodio
717 2424 747 2459 O
777 2427 860 2458 anic
887 2435 978 2459 corr.
1098 2428 1152 2458 16.
1179 2423 1642 2469 arguffitfiadebenignitas
1662 2424 1698 2469 (d
1724 2428 1757 2460 et
1781 2425 1805 2459 b

275 2491 292 2515 e
317 2490 408 2514 corr.
434 2481 475 2513 ut
499 2478 588 2520 vicl.)
618 2476 648 2511 O
673 2476 720 2521 (³⁴)
823 2481 878 2511 17.
907 2477 1003 2512 Ante
1029 2477 1181 2522 quidam
1206 2489 1279 2512 ras.
1305 2480 1329 2513 2
1355 2479 1424 2512 litt.
1450 2478 1486 2512 B
1569 2476 1738 2512 siracusis
1757 2478 1804 2512 B.

278 2531 455 2578 syracusis
473 2531 606 2575 reliqui
631 2531 768 2575 (prima
794 2530 811 2563 s
837 2541 881 2565 ea:
907 2543 930 2574 q
955 2531 1044 2574 Da)
1193 2533 1246 2566 18.
1274 2530 1318 2565 ei'
1347 2529 1378 2564 0
1470 2529 1573 2564 natei
1596 2529 1676 2564 Ba.
1726 2531 1806 2565 nati

278 2587 409 2631 reliqui
434 2585 486 2627 (B
512 2596 555 2619 cx
580 2585 670 2627 ras.)
835 2582 999 2628 geminei
1032 2584 1103 2619 duo
1137 2584 1172 2618 Β
1181 2596 1213 2619 α.
1266 2583 1406 2629 gemini
1437 2583 1510 2618 duo
1535 2583 1572 2617 B
1597 2594 1640 2618 ex
1665 2594 1738 2619 ras.
1767 2583 1805 2619 C.

281 2663 375 2701 :duo
402 2659 561 2707 'gemini
587 2662 637 2696 D.
688 2660 760 2695 duo
787 2659 927 2704 gemini
953 2660 1029 2694 FZ
1139 2664 1192 2695 19.
1220 2661 1346 2705 puerei
1374 2661 1442 2696 Ba
1461 2660 1698 2705 praecedente
1725 2671 1754 2696 c.
1783 2664 1805 2696 7

279 2717 348 2751 litt.
369 2726 513 2751 rasura.
564 2714 671 2759 pueri
689 2715 822 2758 reliqui
918 2714 972 2748 uti
1000 2716 1118 2749 mater
1144 2725 1210 2749 sua
1237 2714 1480 2749 Camerarius.
1516 2713 1573 2747 =ut
1598 2714 1717 2747 mater
1743 2713 1806 2749 sua

281 2781 362 2805 cum
388 2770 493 2805 libris
519 2768 677 2803 Nonius.
727 2768 766 2802 et
792 2768 910 2802 mater
936 2768 1089 2802 Scrm'us
1115 2767 1163 2812 (²³³)
1271 2771 1327 2801 20.
1356 2778 1429 2801 non
1455 2764 1568 2810 possit
1593 2764 1807 2810 dignoscere

283 2823 436 2858 Seruius
545 2832 615 2866 que
637 2849 644 2855 .
666 2847 674 2856 .
695 2832 818 2855 amam
844 2832 870 2855 c.
897 2831 971 2854 ras.
999 2820 1082 2854 Ba.-
1109 2832 1179 2866 que
1202 2847 1207 2853 .
1230 2822 1391 2854 infimam
1416 2819 1480 2853 Bb
1592 2822 1646 2853 21.
1674 2819 1807 2864 Noque

285 2877 477 2911 Ba:c0rr.
492 2887 537 2910 m.
553 2874 690 2910 Camcr.
778 2874 856 2918 ipsa
881 2885 951 2917 que
977 2874 1042 2908 Ba
1070 2876 1155 2919 (que
1181 2873 1271 2917 Bb).
1322 2871 1471 2916 ipsaque
1499 2871 1528 2906 G
1537 2870 1575 2905 D
1653 2883 1806 2916 pepere-

285 2931 344 2964 rat
370 2930 496 2971 BDc,
522 2927 681 2965 Nonius.
730 2928 886 2972 peperat
913 2925 1103 2961 GDaFZ
1127 2934 1233 2969 (corr.
1260 2925 1480 2968 Beroaldus)
1630 2927 1684 2958 22.
1712 2925 1807 2962 dixit

284 2983 375 3016 mihi
401 2983 446 3015 B.
498 2980 589 3016 mihi
613 2980 624 3027 Η
650 2980 753 3015 Dixit
776 2980 907 3025 reliqui
