1946 3344
313 223 397 265 140
983 224 1162 259 PLAVTI
1575 226 1608 260 V
1633 231 1666 270 2,
1693 230 1833 262 64-70

307 320 613 377 Quadrigentis
638 321 850 376 Philippis
876 320 996 362 filius
1023 336 1090 362 me
1118 323 1160 362 et
1185 320 1422 376 Chrysalus
1450 323 1834 366 circumduxerunt.

308 392 443 441 Quem
477 391 645 447 quidem
679 406 758 448 ego
797 396 844 434 ul:
875 407 963 434 non
993 392 1120 434 hodie
1153 393 1407 448 excruciem,
1446 394 1630 436 alterum
1662 397 1832 437 tantum

1234 464 1327 505 auri
1359 465 1447 506 non
1479 480 1678 508 meream.

992 520 1147 556 BAocms

307 580 416 630 Quid
448 582 642 636 'uindem‚
680 582 716 624 si
756 580 977 624 dimidium
1018 583 1109 624 auri
1149 581 1370 626 redditur?
1415 583 1472 626 in'
1504 585 1585 626 hac
1620 599 1786 627 mecum

1564 654 1678 698 intro
1741 666 1832 699 1185

308 723 451 778 Atque
484 722 658 765 induces
693 724 883 765 animum
916 724 1022 766 liaeo
1055 726 1102 766 ut
1135 725 1194 767 eis
1228 724 1385 768 delicta
1415 726 1644 782 ignoscas?

959 817 1183 853 PfflLoanvs

1675 869 1831 912 Faciet.

967 925 1171 960 N1convws

307 982 516 1037 Minume‚
547 985 669 1027 nolo:
700 984 810 1026 nihil
832 986 993 1027 moror:
1027 987 1115 1027 sine
1137 986 1209 1028 sic.
1245 986 1359 1028 malo
1379 985 1481 1029 illos
1512 987 1661 1030 ulcisci
1694 988 1832 1030 zimbo.

956 1066 1182 1102 PfflLoxnxvs

305 1124 452 1166 Etiam
473 1128 520 1167 tu
543 1126 672 1169 homo
694 1127 831 1181 nihili,
853 1128 964 1183 quod
987 1128 1028 1169 di
1049 1128 1152 1169 dant
1172 1128 1274 1170 boni
1294 1130 1397 1171 cz'iue
1418 1130 1543 1184 culpa
1563 1132 1637 1171 tua
1652 1129 1833 1173 amissis.

405 1223 506 1254 1185.
540 1219 745 1255 Dimidium
781 1221 881 1265 auri,
907 1222 1001 1266 qaod
1034 1233 1064 1256 v.
1095 1225 1190 1257 1189
1217 1222 1328 1265 reclit,
1359 1233 1376 1257 e
1407 1222 1658 1258 Bacchidibus
1689 1234 1832 1258 comme-

305 1277 422 1307 morat
452 1272 591 1308 Gellius
617 1274 701 1308 ΙΙΙ
726 1277 771 1309 14

308 1355 350 1398 O)
379 1355 543 1390 conuiuii
564 1357 728 1400 (conuiui
750 1357 792 1400 0)
820 1357 903 1392 BG.
932 1357 1029 1392 Satis
1056 1357 1147 1392 satis
1173 1357 1248 1392 iam
1274 1357 1427 1393 uostrist
1454 1359 1631 1403 (sequitur
1656 1360 1831 1403 spatium)

305 1408 467 1443 conuiuii
498 1409 546 1446 D.
588 1409 685 1446 Satis
724 1410 797 1445 iam
832 1410 920 1446 satis
951 1423 1017 1446 uos
1048 1411 1186 1446 tristes.
1226 1411 1299 1446 PH.
1340 1411 1502 1446 conuiuii
1535 1411 1630 1456 FZ,
1661 1413 1832 1456 proaeimo

306 1463 426 1497 versui
450 1461 512 1498 Nl.
537 1465 815 1508 praemittentes.
841 1466 894 1500 sic
920 1468 1039 1500 autem
1063 1465 1149 1499 haec
1175 1476 1254 1499 cum
1274 1466 1457 1510 proximis
1485 1464 1516 1500 Ο
1537 1466 1679 1501 turbat:
1827 1470 1834 1476 ‘

358 1526 458 1562 Satis
485 1529 577 1562 satis
603 1529 676 1564 iam
705 1530 857 1564 uostrist
881 1529 1061 1575 philippis
1087 1530 1184 1565 filius
1211 1541 1269 1565 me
1296 1532 1333 1564 et
1360 1529 1539 1565 chrisalus
1566 1531 1783 1566 cirefiduxef

359 1581 514 1616 Conuiui
540 1594 599 1617 me
625 1582 719 1617 nihil
745 1584 891 1628 penitet
915 1584 1029 1618 utsim
1057 1585 1231 1628 acceptus
1259 1583 1515 1628 quadrigentis

311 1647 374 1681 ubi
394 1651 512 1681 tamen
531 1649 647 1693 sigynis
665 1659 773 1691 super
793 1648 992 1694 philippis,
1014 1648 1189 1690 Conuiui,
1216 1647 1471 1692 quadrigentis
1486 1649 1620 1692 positis
1638 1660 1738 1684 error
1758 1661 1832 1685 cor-

305 1704 422 1734 rectus
436 1704 486 1735 est
582 1712 640 1736 me
677 1701 771 1735 nihil
807 1702 902 1736 libri.
939 1702 991 1736 nil
1022 1713 1101 1736 cam
1130 1701 1345 1736 Hermanno
1374 1701 1593 1736 Ritseleelius
1689 1703 1834 1747 penitet,

306 1754 425 1788 BCD
436 1754 482 1789 F.
510 1754 677 1798 poenitet
704 1755 738 1788 Z
865 1758 967 1790 1183.
1002 1754 1266 1799 Quadi-igentis
1302 1754 1345 1796 C,
1371 1755 1432 1788 secl
1457 1753 1594 1798 igentis
1620 1756 1661 1789 in
1685 1766 1830 1791 rasura.

307 1806 594 1851 Quadringentis
620 1808 761 1852 reliqui.
790 1808 833 1851 cf.
850 1819 881 1842 v.
897 1811 968 1843 974
1043 1808 1129 1842 Post
1149 1807 1246 1841 filius
1266 1818 1408 1842 erasum
1427 1808 1466 1841 ei:
1478 1808 1520 1842 in
1538 1807 1575 1842 B
1654 1807 1833 1844 chrisalus

306 1859 425 1894 BGD
547 1864 649 1895 1184.
677 1861 860 1895 Dimetros
884 1861 1072 1895 constituit
1097 1872 1176 1894 cum
1202 1860 1238 1894 B
1271 1860 1418 1895 Vossius
1445 1861 1465 1894 l.
1493 1871 1519 1895 s.
1547 1871 1574 1895 s.
1687 1872 1775 1906 ergo
1804 1863 1834 1897 O

402 1924 476 1947 non
508 1913 619 1948 hodie
655 1924 735 1948 cum
768 1913 981 1948 Hermanno
1013 1913 1242 1948 Ritschelius.
1282 1925 1357 1948 non
1389 1914 1485 1948 libri.
1524 1925 1622 1948 nunc
1655 1925 1729 1949 non
1753 1915 1832 1950 An-

305 1967 478 2009 spachius
504 1967 525 2001 l.
552 1977 578 2002 s.
605 1978 633 2002 s.
778 1966 939 2001 alterum
974 1966 1142 2010 (Aterum
1170 1971 1202 2001 et
1232 1967 1245 2000 l
1278 1978 1358 2010 sup.
1383 1978 1450 2002 scr.
1478 1967 1530 2011 B)
1571 1968 1719 2002 fantum
1752 1967 1832 2002 auri

308 2021 403 2054 libri.
432 2020 591 2055 alterum
616 2022 763 2055 tantum
790 2020 1021 2056 Ritselzeli'us,
1047 2020 1104 2055 bis
1131 2021 1277 2054 tantum
1303 2018 1383 2054 auri
1409 2020 1656 2055 Hermannus.
1683 2021 1831 2055 {nantum

311 2073 447 2107 altrum
480 2074 560 2108 auri
593 2074 879 2108 Braclimannus
910 2075 986 2108 coll.
1022 2073 1217 2108 Ribbeckio
1257 2072 1350 2107 Com.
1389 2074 1520 2118 fragm.
1555 2074 1675 2117 praef.
1710 2085 1747 2118 p.
1778 2074 1828 2116 X,

308 2126 504 2161 Ritselielio
536 2126 663 2171 Opusc.
691 2128 757 2163 vol.
783 2127 837 2161 ΙΙ
854 2138 892 2171 p.
920 2130 993 2162 458
1089 2139 1162 2162 non
1189 2137 1350 2161 meream
1376 2125 1563 2161 B¹GDZ.
1589 2137 1663 2161 non
1688 2138 1832 2161 merear

306 2180 338 2213 is
363 2180 426 2223 qui
445 2190 622 2224 personas
648 2182 688 2214 in
714 2181 750 2216 B
775 2182 930 2226 scripsit.
959 2192 1053 2215 nunc
1080 2191 1239 2214 meream
1267 2180 1307 2213 F
1402 2190 1475 2214 non
1501 2179 1657 2215 alterum
1684 2180 1830 2214 tantum

310 2232 389 2266 auri
414 2243 578 2266 meream
600 2233 812 2277 Spenyelz'us
838 2235 858 2267 l.
886 2245 912 2268 s.
939 2244 966 2268 s.
1041 2234 1128 2268 Post
1153 2234 1249 2268 hunc
1273 2245 1304 2267 v.
1327 2234 1477 2268 collocat
1501 2245 1531 2268 v.
1554 2236 1651 2268 1198
1684 2233 1832 2268 Vossius

310 2287 330 2321 l.
352 2297 378 2321 s.
401 2297 426 2321 s.
506 2290 605 2321 1185.
627 2286 720 2332 BA]
746 2286 774 2319 B
796 2286 852 2320 D2
927 2286 985 2328 Qu
1005 2286 1035 2321 (1
1105 2286 1272 2332 tandem]
1296 2288 1336 2320 tu
1364 2287 1487 2320 autem
1510 2286 1708 2330 Lanyenus
1724 2297 1762 2330 p.
1784 2289 1830 2321 91

378 2339 466 2374 Post
491 2340 657 2373 redditur
681 2351 824 2375 erasum
850 2352 884 2384 q,
911 2344 951 2374 ut
976 2341 1051 2375 vicl.
1078 2341 1118 2374 in
1144 2340 1179 2374 B
1262 2340 1301 2374 in
1326 2340 1396 2374 hac
1424 2340 1507 2374 OD.
1533 2340 1612 2374 isne
1638 2339 1675 2373 in
1695 2339 1765 2374 hac
1784 2338 1832 2381 B,

307 2394 384 2428 isne
412 2394 481 2428 hac
512 2393 740 2428 Ritschelius.
768 2393 802 2426 ·i·
830 2394 899 2427 hac
927 2392 972 2428 F.
1003 2393 1015 2427 i
1042 2394 1135 2437 (sine
1159 2393 1245 2436 hae)
1279 2394 1312 2427 Z
1410 2396 1510 2427 1186.
1537 2391 1660 2437 Atque
1679 2392 1832 2426 induces

309 2447 473 2481 animum
489 2447 580 2481 haec
595 2447 636 2480 ut
650 2447 701 2480 eis
714 2446 943 2481 Ritsclzelins.
966 2447 1086 2490 Atque
1102 2448 1143 2481 ut
1157 2446 1208 2481 eis
1223 2447 1335 2490 (uteis
1350 2446 1403 2489 D)
1420 2446 1506 2480 libri
1579 2444 1734 2480 delictas
1751 2445 1781 2480 0

311 2499 417 2545 I‘HL]
446 2500 473 2533 P
501 2499 557 2533 D²
659 2499 745 2534 Post
776 2499 948 2544 ignoscas
982 2501 1136 2534 inseruit
1167 2500 1272 2544 potin
1298 2498 1463 2534 animum
1488 2498 1662 2533 inducere
1689 2497 1830 2532 Brach-

308 2565 475 2588 mannus.
501 2564 639 2588 versum
659 2554 712 2587 sic
725 2554 912 2588 constituit
932 2554 1170 2588 Hermonnus
1190 2565 1266 2587 nna
1287 2564 1365 2587 cum
1380 2553 1556 2597 sequenti:
1576 2550 1697 2595 Atque
1719 2553 1759 2586 ut
1780 2551 1832 2586 eis

309 2606 447 2641 delicta
481 2609 658 2652 ignoscas,
692 2606 766 2640 PH.
799 2605 936 2640 Faciet.
970 2606 1031 2640 NI.
1064 2606 1238 2641 Minume.
1275 2606 1345 2640 PH.
1379 2616 1401 2640 *
1434 2616 1457 2640 ³0<
1494 2606 1506 2649 ΙΙ
1543 2605 1604 2639 ΝΙ.
1632 2603 1746 2647 Nolo,
1778 2604 1828 2638 ni]

308 2672 430 2695 moror
462 2660 574 2695 istuc:
613 2659 692 2694 sine
726 2660 778 2693 sio
810 2670 836 2694 e.
864 2671 894 2704 q.
921 2670 947 2694 3.
982 2663 1108 2694 contra
1141 2660 1333 2693 dimetrum
1365 2662 1506 2693 tutatur
1540 2657 1688 2692 Vossius
1719 2658 1831 2692 deleto

315 2714 454 2757 Atque,
478 2714 562 2747 item
588 2713 800 2758 Spengyelius
826 2713 946 2756 Atque
966 2715 1104 2746 serrato
1130 2715 1162 2745 et
1189 2710 1302 2745 faciet
1326 2712 1367 2745 in
1389 2712 1560 2755 proximo
1584 2721 1690 2744 versu
1710 2710 1831 2754 posito

311 2765 473 2808 (Faciet.
499 2765 562 2800 NI.
588 2765 763 2800 Minume.
789 2764 844 2798 nil
869 2766 1007 2807 moi-011)
1126 2767 1225 2798 1187.
1255 2763 1309 2807 C'f.
1337 2768 1433 2799 1136
1553 2763 1680 2798 Totum
1704 2774 1736 2798 v.
1763 2773 1828 2797 om.

310 2820 388 2853 FZ
410 2830 490 2854 cum
515 2820 602 2854 aliis
628 2820 731 2855 libris
756 2819 908 2853 noviciis
1012 2816 1103 2852 NIC.
1131 2818 1172 2851 in
1195 2820 1287 2860 spat.
1319 2817 1371 2851 D‘2
1469 2815 1623 2850 Minime
1648 2815 1684 2850 B
1698 2815 1772 2850 OD

309 2884 414 2907 moro
442 2873 663 2907 Ritsclielius
688 2876 729 2907 ut
754 2883 784 2907 v.
814 2875 882 2906 153
981 2871 1055 2905 sint
1080 2871 1117 2904 D
1214 2869 1315 2915 illos]
1343 2870 1384 2904 ill
1411 2881 1427 2904 e
1454 2880 1543 2904 corr.
1569 2872 1651 2913 post
1676 2878 1749 2903 ras.
1776 2867 1831 2902 Β2

387 2928 485 2960 1188.
514 2925 638 2960 PHIL.
659 2926 706 2960 B.
733 2924 761 2958 P
780 2924 844 2958 D'2.
873 2922 963 2958 NIC.
987 2923 1064 2958 FZ
1135 2922 1271 2957 etiam?
1298 2924 1339 2956 tu
1366 2922 1567 2968 Ussinyius.
1595 2921 1660 2955 sed
1686 2921 1761 2955 iam
1788 2922 1829 2955 tu

310 2977 508 3021 Lanyenus
529 2989 566 3021 p.
594 2980 665 3012 161
763 2976 871 3011 nihili
896 2976 995 3019 quod
1022 2975 1074 3010 dii
1101 2975 1184 3011 OD.
1211 2975 1305 3010 nihil
1331 2975 1383 3010 dii
1409 2976 1481 3010 B¹:
1514 2987 1536 3019 q
1563 2985 1643 3018 sup.
1670 2984 1738 3008 scr.
1763 2972 1828 3007 13².

1936 3070 1938 3078 x

1936 3110 1938 3126 l

1936 3134 1946 3344 l
