1946 3344
798 216 1045 253 APPENDIX
1598 218 1619 257 1
1626 217 1681 258 25

149 316 239 360 phil.
268 314 427 350 XCVII
450 316 497 360 (a.
525 315 640 358 1868)
667 325 708 358 p.
735 316 806 348 631
842 313 1119 348 assentientibus
1146 313 1281 348 Briaeio
1307 311 1566 358 Spenyelioque
1591 313 1689 356 refu-

152 369 317 404 tantibus
348 368 524 414 Seyfferto
556 368 578 402 l.
604 378 632 402 s.
657 378 684 402 s.
707 378 747 412 p.
775 369 888 410 1349,
921 367 1132 412 Niemeyero
1159 365 1181 400 l.
1207 375 1234 400 s.
1260 376 1287 400 s.
1316 376 1353 409 p.
1383 366 1472 409 361,
1512 365 1688 410 Lanyerzo

151 422 172 456 l.
199 432 227 456 s.
253 432 282 456 s.
302 432 342 466 p.
369 423 455 457 277.

246 477 327 509 668.
354 476 436 509 tuas
458 474 718 518 propuynabat
746 473 1031 508 Taubmannus:
1056 473 1099 507 tu
1125 472 1192 506 has
1207 472 1386 515 Gifanius
1412 472 1473 517 (ef.
1494 472 1689 516 Scioppius

151 528 258 572 ὅπερ.
273 528 347 563 leet.
371 527 403 562 V
426 531 470 562 11
492 528 651 572 1J.26‘6).
674 547 719 552 -
745 528 812 561 has
834 526 984 571 quidem
1004 525 1097 561 mihi
1111 525 1374 561 Fleckeisenus.
1401 525 1512 560 hasce
1539 525 1688 569 quidem

151 581 391 626 Bruymanus
417 581 438 615 l.
465 591 492 615 s.
519 591 546 615 s.
571 592 607 625 p.
635 583 685 616 12
695 594 705 614 .·
731 583 769 615 at
795 580 840 623 cf.
867 579 1090 615 Schmicltius
1121 580 1163 614 cle
1188 590 1295 624 pron.
1322 580 1410 614 dem.
1434 590 1474 624 p.
1495 581 1546 615 23
1559 589 1630 623 sqq.
1659 582 1690 613 et

150 634 333 670 Luehsius
361 633 551 669 Oommcnt.
577 644 674 678 pros.
703 633 757 667 II
777 633 846 677 (ecl.
873 644 907 668 a.
933 635 1045 678 1884)
1067 644 1106 677 p.
1133 636 1190 667 11.

249 697 328 728 672.
356 693 550 728 Lacunam
569 704 644 728 non
663 696 893 737 agnoscentes
911 693 1003 728 male
1017 696 1102 737 post
1123 691 1392 726 Delaeerauisti
1413 692 1688 736 (lz'stinyuebant

155 747 313 793 Pylades
338 747 418 789 alii,
444 747 559 791 probe
576 757 648 792 pro
674 756 761 789 -que
782 756 871 790 opes
897 746 1094 790 temptabat
1114 745 1189 780 Leo
1203 744 1303 779 Mus.
1318 744 1432 779 Rhen.
1451 745 1577 778 XXX
1587 744 1691 779 VIII

146 812 186 845 p.
221 804 270 836 12
284 811 332 845 sq.
376 799 430 843 Cf.
459 800 595 835 Caesar
622 800 644 835 l.
671 810 698 834 s.
725 810 752 834 s.
774 810 813 844 p.
841 801 889 834 70
902 809 953 844 sq.

247 857 326 888 676.
365 852 523 887 aiebatis
549 852 674 887 merito
699 854 901 896 suspectum
926 852 1074 887 Briaeio.
1103 850 1296 886 alienastis
1321 849 1382 888 g:
1421 851 1467 894 of.
1494 851 1626 896 Amph.
1656 862 1686 885 v.

152 909 236 942 399.
265 906 426 942 Ceterum
451 918 483 942 v.
511 910 578 941 678
606 906 648 940 ut
673 904 766 940 dicis
793 907 830 940 et
856 905 948 940 meis
974 904 997 940 f.
1028 905 1198 950 Pylades.

252 970 330 1001 682.
370 966 528 1001 Hiatum
552 968 633 1010 post
658 965 890 1010 Spenyelium
915 965 985 1008 def.
1012 964 1195 999 Luehsius
1221 964 1380 999 Studem.
1408 964 1514 1000 Stud.
1541 965 1569 999 I
1584 976 1623 1009 p.
1652 969 1686 1000 6.

153 1019 209 1062 Cf.
235 1018 454 1054 Ritsclzelius
480 1019 529 1053 acl
555 1018 664 1054 Most.
690 1029 722 1053 v.
750 1021 797 1053 76
826 1018 1096 1062 Mueller-usque
1122 1018 1225 1053 Pros.
1251 1028 1286 1062 p.
1309 1020 1394 1053 528.
1422 1018 1530 1062 parui
1555 1018 1595 1051 id
1616 1019 1687 1063 Py-

152 1073 251 1107 lacles
276 1073 384 1118 (quod
412 1072 509 1108 Cam.
536 1073 644 1108 etiam
669 1072 711 1107 in
736 1071 772 1105 B
797 1071 950 1115 intulit).
1001 1071 1059 1106 De
1091 1071 1278 1116 perbitam
1310 1071 1494 1116 coyitabat
1518 1072 1683 1106 Botleius.

153 1126 250 1160 istuc
275 1125 385 1171 parui
414 1125 625 1170 Geppertus.

252 1189 330 1220 683.
358 1188 418 1219 ast
442 1186 634 1220 obscurare
658 1185 763 1219 nolui
780 1187 866 1229 post
885 1184 1064 1230 eyreyiam
1082 1183 1241 1218 Iov-dani
1260 1184 1545 1227 disputationem
1567 1184 1685 1219 ‘Isi-it.

153 1238 267 1274 Beitr.
293 1249 321 1273 Ζ.
352 1238 475 1274 Gesele.
502 1239 535 1274 ol.
565 1239 626 1273 lat.
654 1238 752 1282 Spr.’
782 1239 834 1273 ccl.
867 1249 900 1272 a.
929 1240 1001 1272 187
1003 1241 1025 1272 9
1050 1248 1086 1281 p.
1113 1238 1187 1271 293
1221 1237 1281 1280 (ef.
1309 1237 1358 1271 acl
1387 1237 1495 1272 True.
1521 1248 1553 1271 v.
1581 1238 1687 1281 399).-

153 1303 371 1337 quamquam
409 1294 486 1336 ipse
524 1304 604 1328 eum
643 1291 852 1326 C'amerario
878 1291 909 1324 Ῑι.
938 1291 960 1324 l.
994 1291 1034 1324 ab
1059 1291 1195 1335 probat
1236 1291 1290 1334 (et
1321 1290 1536 1325 Lambinus.
1575 1292 1688 1334 atque

157 1345 328 1389 Guietus,
355 1346 522 1381 Botliius.
551 1345 581 1379 si
607 1345 766 1380 Brioeius
792 1344 946 1379 Emencl.
973 1344 1015 1378 in
1042 1343 1146 1388 Capt.
1168 1355 1209 1388 p.
1237 1347 1283 1378 14
1296 1346 1372 1388 sss).

249 1408 328 1440 685.
373 1404 498 1439 Meum
531 1405 660 1440 herum
693 1405 842 1449 captum
876 1414 935 1438 me
964 1403 1135 1448 Pylades.
1181 1403 1305 1438 Meum
1342 1404 1471 1438 herum
1498 1403 1686 1448 captiuum

157 1458 389 1493 Camerarius
416 1460 538 1502 (etiam
563 1459 604 1493 in
628 1458 689 1502 B).
735 1457 874 1491 Herum
899 1467 958 1490 me
986 1458 1137 1501 captum
1167 1455 1333 1499 Guietus,
1359 1457 1526 1492 Botleius.

250 1520 328 1553 688.
350 1517 420 1552 Hic
440 1518 719 1563 praeoptauisse
731 1516 995 1552 Fleckeisenus.
1023 1515 1333 1560 Praedoptauisse
1355 1516 1576 1551 Ritsclielius
1590 1517 1683 1551 Noe.

154 1570 246 1606 Eme.
283 1570 345 1606 Pl.
372 1571 400 1604 I
417 1582 457 1615 p.
483 1574 532 1607 98
571 1572 630 1614 (cf.
663 1570 844 1616 Berykius
885 1569 1031 1604 ‘Bao-‚²
1066 1580 1107 1614 p.
1135 1571 1208 1613 90).
1267 1568 1552 1614 Praeoptauisse
1591 1569 1689 1604 ultro

156 1624 354 1660 Muellerus
388 1625 493 1660 Pros.
520 1635 559 1669 p.
594 1626 664 1659 454
697 1624 782 1658 adn.
816 1622 1099 1667 Praeoptauisse
1136 1622 1215 1667 ipse
1248 1624 1327 1667 (clel.
1356 1623 1399 1667 is)
1428 1622 1479 1658 ἐξ.
1516 1623 1605 1658 Vicle
1640 1624 1690 1657 sis

155 1677 329 1713 Rotliium
357 1677 424 1723 Qu.
449 1689 504 1724 qr.
531 1678 582 1713 ecl.
610 1677 732 1712 Berol.
760 1688 792 1711 a.
820 1679 920 1711 1876
942 1687 979 1720 p.
1007 1679 1055 1711 65
1065 1687 1113 1721 sq.
1141 1680 1173 1711 et
1200 1679 1291 1710 1881
1315 1688 1355 1721 p.
1385 1680 1417 1711 5.

251 1742 329 1774 690.
357 1737 506 1782 peritat,
532 1737 562 1772 is
596 1736 704 1772 Valla
731 1736 790 1771 ‘ex
815 1736 906 1771 eod.’
935 1734 1060 1780 periit,
1085 1735 1117 1769 is
1137 1736 1307 1771 Aleiatus
1331 1736 1484 1782 Par-cry.
1512 1736 1623 1771 VIII
1632 1739 1689 1771 14.

155 1792 319 1836 perbitat
354 1791 589 1826 Camerarius
623 1790 745 1834 (etiam
777 1789 819 1823 in
844 1788 893 1832 B)
931 1799 1010 1823 eum
1045 1788 1228 1834 Scaliger-o
1259 1790 1301 1824 in
1334 1789 1489 1825 Coniect.
1534 1789 1690 1834 perbitit

156 1845 368 1890 Spenyelius
394 1845 415 1880 l.
443 1855 469 1879 s.
495 1855 521 1880 s.
561 1842 690 1888 periit,
723 1839 762 1877 as:
787 1841 1068 1878 Lindemannus
1094 1844 1184 1878 male
1209 1843 1494 1889 reclinteyratum
1521 1844 1566 1878 ab
1597 1843 1688 1878 Reb-

155 1900 245 1934 linio
271 1900 293 1933 l.
320 1909 346 1933 s.
373 1909 400 1933 s.
424 1909 462 1942 p.
491 1900 548 1934 59.
587 1897 701 1942 perit,
736 1898 775 1932 at
802 1898 848 1942 (et
873 1908 947 1932 non
972 1896 1018 1940 is)
1048 1896 1312 1931 Fleckeisenus.
1353 1896 1509 1942 perierit
1535 1897 1692 1932 Briseius

154 1953 239 1987 olim
258 1952 480 1988 dubitanter.
501 1951 610 1996 perit,
632 1951 746 1994 aiunt,
777 1951 969 1996 Vssinyius
990 1951 1038 1995 (J).
1066 1950 1175 1995 perit,
1196 1950 1305 1995 perit,
1326 1952 1364 1986 at
1382 1950 1559 1986 Gertzius.
1580 1950 1691 1995 perit,

155 2007 242 2039 anet
268 2005 447 2040 Goetzius.
475 2025 519 2030 —
546 2003 650 2039 abire
675 2021 719 2032 =
748 2004 849 2038 obire
875 2008 1011 2039 notum.

250 2068 329 2100 691.
351 2063 609 2099 excruciauero
630 2062 858 2108 (excruciato
873 2063 1045 2098 Bossclza.
1064 2064 1294 2099 excruciasso
1310 2064 1490 2106 Boacias).
1508 2065 1687 2110 pessumis

158 2118 397 2153 Camerarius.
424 2118 503 2152 An:
531 2127 701 2162 pessume
727 2117 987 2153 exerueiauero
1016 2118 1075 2161 (ef.
1104 2118 1214 2152 Most.
1241 2129 1271 2153 v.
1299 2118 1437 2163 1116)?

251 2181 329 2212 694.
368 2176 539 2212 interduo
574 2177 704 2212 Dousa
738 2176 850 2221 Eoepz.
886 2177 912 2210 I
942 2180 982 2219 9,
1019 2176 1236 2212 Gulielmius
1279 2177 1391 2212 Veris.
1428 2178 1510 2211 III
1538 2190 1576 2222 p.
1603 2181 1689 2220 299,

156 2231 330 2276 Sealiyer,
354 2230 524 2275 Lipsius,
559 2231 636 2265 alii.
664 2230 812 2264 interdo
840 2230 1055 2275 Spenyelius
1081 2231 1102 2265 l.
1130 2241 1158 2265 s.
1184 2242 1210 2265 s.
1233 2243 1272 2276 p.
1300 2234 1370 2265 444
1396 2242 1476 2266 cum
1509 2232 1689 2275 Vssingyio.

157 2283 212 2327 Cf.
244 2284 460 2319 Benoistius
494 2283 596 2318 ‘Reiz
630 2284 671 2318 cle
700 2283 805 2328 phil.²
842 2283 903 2318 VI
927 2286 974 2328 (a.
1003 2285 1116 2328 1882)
1142 2295 1178 2328 22.
1206 2286 1295 2328 155,
1328 2285 1391 2318 ubi
1425 2288 1457 2319 et
1488 2284 1634 2318 interdo
1660 2288 1692 2319 et

156 2336 327 2372 interduo
354 2357 396 2361 —
418 2337 513 2382 quod
537 2340 658 2372 tamen
683 2336 751 2379 clef.
765 2336 1007 2371 Darmesteter
1034 2338 1076 2372 (le
1101 2337 1243 2381 coniuy.
1265 2338 1326 2372 lat.
1347 2348 1378 2372 v.
1400 2346 1510 2372 DARE
1525 2350 1563 2382 p.
1581 2341 1630 2373 27
1641 2349 1690 2381 sq.

156 2411 200 2416 -—
227 2391 442 2426 auctoritate
467 2391 615 2425 destitui
639 2394 766 2425 monet.
812 2389 868 2424 De
894 2390 997 2424 aiant
1023 2390 1069 2432 ef.
1098 2390 1204 2424 Poen.
1232 2401 1262 2424 υ.
1290 2392 1396 2433 1344,
1423 2391 1577 2434 append.
1606 2391 1686 2425 erit.

155 2445 204 2479 acl
233 2444 334 2479 Trin.
362 2455 392 2479 v.
418 2446 509 2487 218,
534 2443 693 2478 Baierus
724 2444 766 2478 de
801 2443 857 2477 Pl.
883 2443 957 2485 fab.
985 2454 1051 2478 rec.
1086 2444 1138 2478 ed.
1180 2443 1327 2479 Vratisl.
1355 2455 1388 2478 a.
1416 2446 1513 2478 1885
1532 2454 1573 2487 1).
1599 2446 1682 2478 149.

251 2506 329 2539 698.
355 2502 451 2545 Quid
471 2503 541 2537 hoc
562 2502 725 2547 negotist
745 2513 823 2537 eum
839 2501 1068 2537 Fleckeiseno
1089 2505 1141 2546 (at
1155 2504 1199 2544 cf.
1215 2514 1267 2547 ep.
1283 2514 1380 2547 erup.
1394 2503 1538 2547 XXII)
1562 2502 1684 2536 Faler-

156 2568 314 2592 mannus
339 2556 476 2592 Annal.
492 2557 578 2602 phil.
597 2555 664 2591 GV
679 2568 718 2601 p.
733 2559 823 2590 816.-
849 2559 887 2590 at
913 2566 942 2589 v.
964 2555 1163 2589 Muellerus
1186 2555 1351 2600 Pros.'p.
1368 2558 1437 2591 324
1459 2559 1490 2589 ct
1507 2555 1686 2589 Becl‘erus

156 2612 197 2645 in
223 2610 381 2645 Studem.
409 2610 512 2646 Stud.
538 2609 566 2643 Ι
580 2621 619 2654 p.
647 2611 732 2644 259.
780 2608 939 2644 Ceterum
964 2619 993 2643 v.
1022 2611 1088 2642 699
1123 2608 1221 2652 apud
1253 2610 1398 2653 patrem
1433 2608 1686 2643 Flcelaeisenus

156 2664 221 2699 ubi
245 2664 340 2709 quocl
366 2663 474 2698 domo
501 2663 618 2698 adieci
643 2664 750 2698 etiam
777 2662 1006 2698 collocatione
1044 2662 1230 2698 verborum
1262 2663 1547 2697 commendatur:
1579 2662 1685 2696 aliter

157 2718 251 2752 enim
275 2717 313 2751 in
339 2716 461 2761 patria
487 2716 533 2750 ad
558 2717 703 2760 patrem
729 2716 887 2751 dixisset.

254 2773 332 2805 700.
361 2770 496 2805 Benest
520 2770 561 2804 in
585 2770 691 2813 finem
717 2781 747 2804 v.
775 2772 847 2804 699
874 2770 1024 2804 reiciens
1054 2790 1090 2794 —
1121 2770 1217 2814 quocl
1244 2770 1470 2804 retinuerunt
1496 2778 1614 2801 omnes
1641 2787 1682 2791 —

157 2822 236 2859 Nec
271 2824 506 2868 quisquamst
539 2822 632 2857 mihi
670 2834 765 2857 nunc
806 2823 972 2868 Pylades.
1018 2823 1095 2857 Neo
1128 2825 1185 2857 est
1216 2822 1410 2866 quisquam
1444 2820 1535 2854 mihi
1564 2821 1684 2855 (lanw-

158 2877 293 2912 rarius.
339 2876 418 2911 Nec
439 2877 496 2911 est
520 2875 613 2910 mihi
639 2875 832 2920 quisquam
855 2876 1144 2920 Isindemannus,
1169 2876 1265 2910 uncle
1291 2873 1422 2907 melius
1451 2883 1566 2917 aeque
1593 2876 1683 2909 trai-

159 2930 273 2966 eiebat
293 2929 547 2965 Fleckeisenus
573 2930 630 2964 est
649 2929 700 2964 mi
726 2928 820 2964 alins
848 2940 964 2973 aeque
985 2931 1196 2974 praeferens
1223 2940 1273 2972 ep.
1299 2927 1376 2962 crit.
1394 2937 1433 2970 2).
1453 2926 1590 2960 XXII
1616 2929 1686 2971 (est

159 2983 348 3018 hominum
375 2983 486 3018 homo
514 2993 629 3026 aeque
654 2983 708 3017 vel
735 2984 792 3017 est
817 2982 1008 3017 hominum
1036 2981 1200 3023 adaeque
1231 2980 1431 3014 Muellerus
1447 2979 1597 3025 Prosp.
1614 2983 1684 3015 513
