1946 3344
262 226 346 267 128
900 224 1145 259 APPENDIX

259 321 499 366 yrammatiea
536 321 583 355 sit
620 320 771 364 offensio
808 320 902 355 idem
937 319 976 353 in
1013 319 1084 354 hac
1123 318 1249 364 platea
1282 330 1313 354 v.
1352 321 1418 354 795
1456 319 1610 354 obsoleta
1645 318 1787 353 ratione

260 377 411 409 tutatus.

359 431 434 461 796.
468 416 742 462 &Testimonium
784 427 958 473 anonymi
996 427 1045 461 ad
1084 426 1244 471 Capram
1285 426 1514 470 Probumque
1550 425 1788 461 recoeandum

261 480 414 514 videtur.
459 479 516 514 De
542 479 737 524 catapulta
768 481 879 515 adeas
905 483 988 524 post
1013 479 1183 524 Lipsium
1213 479 1400 515 Poliorcet.
1428 480 1501 513 III
1521 483 1546 515 2
1573 479 1788 524 Lanyenum

261 534 283 568 l.
309 544 337 568 s.
363 544 390 567 s.
411 546 450 578 p.
477 536 563 569 275.

359 595 437 627 797.
464 594 507 626 ut,
533 603 718 637 quemque
739 592 838 626 icero
859 591 1016 637 Pylades
1041 592 1080 626 in
1106 592 1228 627 adnot.
1256 592 1302 626 ad
1324 602 1507 636 quemque
1534 590 1633 626 icero
1654 590 1786 626 Linde-

260 656 435 689 mannus,
461 645 659 680 Bcntleius.
692 646 733 679 ut
759 655 941 689 quemque
980 644 1104 688 legero
1140 644 1320 680 Gruterus
1357 646 1447 681 conl.
1480 645 1610 689 Amph.
1642 655 1673 678 v.
1707 646 1788 686 316,

196 717 202 721 ·
261 700 356 743 quod
381 699 492 734 deleto
523 700 566 733 ut
590 700 697 733 etiam
728 698 842 733 simili
867 698 1055 742 compositi
1087 697 1242 743 diligere
1268 709 1337 733 usu
1370 699 1454 733 item
1478 709 1566 733 sane
1591 698 1703 732 dubio
1728 697 1785 732 de·

261 753 389 796 fendas
416 751 537 797 (Cure.
564 763 595 787 v.
622 754 722 797 424).
749 751 797 786 ad
825 762 1008 796 quemque
1034 761 1131 795 genu
1159 750 1280 786 iecere
1307 751 1470 786 Guietus.

358 815 436 846 798.
463 810 676 846 Dentssocos
702 811 808 855 (conl.
822 811 930 845 Livio
946 810 1112 844 XXXX
1133 814 1200 854 22,
1225 813 1282 855 HJ)
1311 811 1429 846 Valla.
1457 810 1667 845 dentilabos
1697 809 1787 854 Gep—

255 868 392 910 pertus.
421 886 463 890 —
503 875 725 909 quemquem
751 864 966 898 Lambinus.
994 864 1036 898 ut
1062 874 1243 908 quemque
1270 864 1525 900 Fleckeisenus
1550 864 1650 908 epist.
1678 874 1726 898 er.
1748 874 1786 907 p.

263 919 400 953 XXII.
426 918 484 953 De
507 930 538 954 v.
567 922 634 953 799
662 918 707 961 cf.
735 919 784 953 ad
808 929 839 952 υ.
868 920 949 952 791.

357 981 426 1013 800
439 989 510 1023 sqq.
556 979 633 1013 Aut
663 990 694 1013 v.
729 981 927 1012 800—802
961 980 1025 1011 aut
1057 979 1252 1010 799—801
1292 977 1333 1010 in
1369 976 1608 1021 suspicionem
1639 976 1790 1010 vocabat

262 1032 474 1077 Spenyelius
505 1031 635 1066 Plauoz.
664 1030 877 1065 XXXVII
903 1041 942 1075 p.
969 1032 1040 1063 4226
1073 1040 1104 1064 v.
1132 1033 1199 1063 800
1231 1041 1274 1064 ese
1311 1029 1476 1064 Terentio
1508 1030 1733 1074 desumptum
1759 1031 1790 1062 et

262 1096 293 1120 v.
322 1089 388 1120 799
410 1102 454 1112 Ξ
474 1088 561 1129 802,
600 1088 666 1119 801
688 1101 732 1112 =
755 1087 822 1118 798
855 1094 926 1118 csse
956 1092 1113 1117 monens
1159 1082 1296 1127 Quodsi
1330 1094 1361 1117 v.
1390 1086 1588 1117 791-793
1620 1082 1791 1117 addimus

262 1139 456 1181 manifesta
481 1142 532 1173 est
556 1138 806 1183 diuoyraphia
832 1141 937 1182 atque
962 1136 1171 1171 contractio.
1212 1135 1267 1179 Cf.
1292 1137 1408 1180 praef.

358 1201 436 1232 801.
465 1196 650 1241 extemplo
670 1199 755 1240 post
781 1196 954 1241 Pyladem
975 1195 1140 1240 plerique
1166 1195 1287 1240 (etiam
1312 1195 1515 1239 Bentleius)
1543 1195 1726 1238 delebant,
1751 1193 1790 1228 in

264 1261 370 1285 cursu
391 1250 548 1285 Botliius
573 1250 657 1284 olim
683 1254 714 1284 et
741 1250 914 1293 Bossclea,
945 1249 1040 1293 quod
1060 1248 1176 1292 paulo
1201 1249 1325 1282 saltem
1345 1248 1576 1292 probabilius
1601 1247 1791 1293 Spenyelio

263 1305 283 1338 l.
312 1315 337 1338 s.
365 1314 392 1338 s.
419 1304 546 1338 visum.
574 1303 755 1337 Neutrum
783 1303 972 1347 probabile
1003 1312 1114 1345 neque
1139 1302 1232 1336 illud
1257 1303 1352 1346 quod
1380 1303 1454 1336 iam
1468 1305 1552 1346 post
1578 1300 1792 1336 meminerit

260 1369 290 1391 v
319 1360 387 1391 800
413 1356 563 1400 qravius
588 1356 809 1400 distinyuere
835 1355 1063 1399 coyebantur.

360 1419 437 1449 803.
465 1416 612 1459 praeter
639 1414 787 1458 culpam
813 1413 985 1449 Bosselia.

359 1472 426 1502 805
441 1479 490 1513 sq.
517 1468 575 1502 De
600 1469 638 1501 ni
663 1467 723 1501 hic
751 1468 838 1511 (non
863 1466 901 1500 ni
920 1466 981 1500 hie
1007 1478 1117 1511 neque
1135 1467 1209 1501 uisi
1229 1468 1302 1513 hic)
1330 1469 1374 1511 ef.
1395 1467 1578 1503 Luclisius
1599 1467 1789 1502 C'ommcnt.

258 1533 358 1567 pros.
385 1522 412 1555 Ι
426 1533 467 1566 p.
493 1524 524 1556 4.
554 1521 608 1564 Cf.
636 1521 685 1555 ad
709 1532 739 1554 v.
767 1522 849 1554 811.
886 1520 925 1553 V.
944 1524 1012 1555 806
1039 1521 1160 1556 faetus
1188 1523 1246 1556 est
1270 1521 1473 1566 impensior
1493 1526 1577 1567 post
1602 1522 1694 1557 alios
1719 1522 1789 1564 cles.

266 1576 456 1610 Meursius
487 1574 620 1609 Exere.
655 1574 734 1608 crit.
761 1574 789 1607 I
803 1585 841 1618 p.
870 1576 916 1607 58
942 1577 973 1608 et
999 1573 1220 1609 Palmerius:
1258 1585 1369 1619 neque
1394 1576 1512 1620 inepte
1538 1576 1628 1610 conl.
1656 1575 1789 1610 Bacch.

263 1641 294 1665 v.
323 1632 394 1664 394
419 1639 583 1673 reponas.

359 1692 437 1723 807.
465 1686 597 1721 furfuri
624 1697 707 1721 sues
730 1686 973 1730 Camerarius,
999 1687 1078 1730 alii,
1103 1687 1200 1721 unde
1225 1686 1357 1721 furfuri
1378 1687 1441 1732 qui
1466 1687 1572 1722 alunt
1592 1698 1675 1722 sues
1701 1688 1791 1722 trai-

264 1742 379 1776 ciebat
405 1752 484 1776 cum
507 1742 691 1775 Palmerio
719 1740 866 1775 Vossius
886 1741 927 1774 dc
952 1741 1051 1775 anal.
1072 1740 1099 1774 I
1126 1742 1174 1775 42
1202 1741 1259 1785 (ese
1279 1741 1383 1775 libris
1407 1742 1498 1785 vet).
1536 1740 1675 1775 furfure
1707 1741 1792 1775 olim

279 1795 477 1838 Waynerus
506 1795 605 1829 Mus.
639 1794 752 1828 Rlicn.
783 1794 912 1827 XXII
927 1805 966 1838 p.
994 1797 1082 1837 115,
1109 1794 1213 1828 alias.

360 1858 438 1888 809.
486 1853 729 1897 quoiusquam
769 1864 946 1896 umquam
984 1852 1167 1887 Luelisius
1205 1853 1246 1887 cle
1284 1863 1361 1897 qen.
1396 1865 1434 1898 p.
1469 1855 1517 1887 36
1530 1864 1578 1898 sq.
1616 1863 1681 1888 suo
1713 1853 1792 1887 iure

264 1908 512 1952 quoiusquam
545 1907 765 1951 improbans.
804 1906 844 1941 V.
872 1910 949 1941 810.
1002 1906 1055 1939 Ex
1094 1905 1175 1950 ipso
1209 1905 1405 1941 abdomine
1440 1918 1485 1939 m.
1520 1918 1553 1951 p.
1588 1906 1793 1941 Palmerius

264 1960 390 2005 Spicil.
412 1972 450 2005 p.
479 1964 561 1996 660.

360 2023 439 2054 811.
478 2020 592 2055 Hunc
622 2030 762 2055 versum
788 2022 872 2064 post
905 2019 1075 2054 Guietum
1107 2019 1266 2054 Bria-ius
1301 2020 1384 2054 olim
1419 2020 1557 2054 delebat
1588 2020 1630 2054 ob
1665 2020 1790 2055 simili-

264 2074 426 2108 tudinem
450 2084 572 2108 versus
597 2076 688 2109 so5:
714 2073 811 2108 unde
836 2073 941 2107 illum
962 2073 1087 2117 potius
1112 2073 1271 2108 accludit
1297 2072 1508 2117 Spenyclius
1534 2073 1555 2107 l.
1577 2083 1646 2107 s.s.
1661 2084 1700 2118 p.
1721 2075 1792 2107 447

264 2128 449 2172 neyleyens
484 2127 598 2161 habet
632 2125 842 2171 profecto
879 2130 1000 2170 aperte
1023 2127 1196 2171 respicere
1229 2127 1277 2161 ad
1308 2125 1402 2160 mira
1429 2128 1515 2160 sunt
1541 2125 1588 2161 ni.
1633 2127 1734 2161 Idem
1759 2137 1790 2161 v.

266 2183 333 2214 816
367 2181 408 2214 in
440 2180 544 2214 libris
581 2181 678 2215 hunc
708 2180 977 2225 praecedentem
1015 2179 1152 2214 delebat
1189 2180 1330 2214 conlato
1362 2191 1393 2215 υ.
1420 2181 1512 2223 823,
1542 2180 1584 2214 de
1615 2190 1684 2224 quo
1714 2180 1792 2224 ipso

265 2233 527 2267 dubitationem
558 2237 717 2268 moverat
744 2233 946 2267 Muellerus
974 2233 1078 2267 I'ros.
1100 2244 1139 2277 p.
1168 2235 1312 2277 715sq.,
1345 2233 1408 2267 ubi
1440 2233 1587 2267 debebat
1611 2233 1735 2267 saltem
1760 2243 1792 2267 v.

265 2288 340 2320 824
367 2286 574 2330 adiunyere.
620 2285 738 2320 Vnum
764 2289 854 2320 recte
879 2289 995 2321 monet
1020 2297 1050 2320 o.
1079 2290 1146 2321 816
1174 2288 1272 2331 (811)
1298 2290 1330 2321 et
1357 2291 1421 2321 811
1451 2286 1548 2330 (812)
1575 2296 1648 2321 uno
1675 2289 1794 2321 tenore

265 2339 340 2373 (lici
364 2350 437 2373 non
458 2340 637 2383 potuisse:
663 2340 758 2374 unde
778 2339 940 2383 priorem
965 2349 1002 2374 eo
1028 2339 1266 2382 confidentius
1290 2339 1419 2373 traieci
1449 2340 1537 2384 quia
1567 2340 1662 2374 inter
1699 2339 1792 2373 Tun]

268 2392 469 2436 piscatores
502 2402 528 2426 e.
555 2403 586 2436 q.
612 2403 638 2426 s.
666 2395 698 2426 et
735 2391 829 2425 Tum
866 2392 957 2426 lanii
996 2394 1119 2427 autem
1145 2404 1172 2427 e.
1199 2404 1229 2437 q.
1256 2403 1283 2427 s.
1316 2393 1458 2437 aliquid
1496 2393 1795 2437 interponendum

267 2448 345 2478 erat
370 2455 413 2479 eze
440 2445 507 2480 loci
533 2446 777 2479 concinnitate
802 2446 969 2490 ipsaeque
996 2445 1173 2480 basilicae
1210 2445 1412 2480 edictiones
1439 2446 1523 2481 liu-ic
1542 2446 1648 2490 parti
1674 2446 1733 2491 (cf.
1760 2457 1791 2481 υ.

269 2499 353 2542 814)
379 2498 536 2542 aptiores
567 2501 671 2533 erant
701 2509 809 2542 quam
839 2499 939 2543 apud
965 2499 1121 2542 pistores
1147 2510 1189 2534 ae
1209 2500 1383 2544 pistrina.
1429 2499 1493 2534 Ex
1519 2500 1601 2543 ipsa
1625 2510 1706 2534 vero
1733 2499 1792 2533 ba-

268 2552 392 2586 silicae
412 2552 741 2587 commemoratione
760 2563 850 2596 quas
870 2553 1113 2587 dubitationes
1138 2553 1232 2587 iuter
1256 2553 1348 2587 alios
1373 2556 1557 2587 moi-erant
1576 2552 1795 2588 Ritselielius

270 2606 419 2651 Parery.
441 2616 480 2650 p.
507 2608 584 2641 207
594 2616 642 2649 sq.
677 2606 736 2648 (cf.
763 2616 796 2648 p.
825 2605 990 2649 XVIII)
1025 2609 1055 2639 et
1092 2606 1288 2640 Vrliclzsius
1317 2607 1416 2640 Mus.
1444 2606 1559 2640 then.
1588 2606 1741 2640 XXIII
1755 2617 1794 2651 p.

269 2663 314 2693 85
348 2660 490 2704 eyreyia
521 2659 767 2703 disputatione
799 2659 945 2692 removit
976 2659 1162 2694 Iordanus
1194 2659 1352 2694 Hermae
1378 2662 1401 2693 t.
1429 2659 1509 2693 XV
1533 2659 1591 2703 (cf.
1616 2660 1796 2704 imprimis

265 2724 302 2756 p.
331 2715 402 2746 116
416 2722 465 2756 sq.
499 2714 569 2746 133
584 2712 661 2755 sq).
691 2710 744 2754 Cf.
769 2711 957 2746 Conradus
983 2711 1110 2756 Lanyc
1131 2712 1255 2746 ‘Hans
1280 2713 1358 2746 und
1384 2712 1507 2746 Ilalle’
1538 2712 1602 2756 (ed.
1630 2711 1732 2755 Lips.
1761 2723 1794 2746 a.

271 2768 380 2809 1881)
402 2777 440 2810 p.
470 2768 550 2799 155.
581 2764 680 2799 Certe
712 2768 776 2799 aut
803 2767 897 2798 totus
930 2765 1026 2798 locus
1051 2776 1081 2799 v.
1109 2768 1177 2799 800
1191 2768 1308 2799 --824
1329 2776 1399 2809 pro
1426 2765 1670 2799 additamento
1695 2764 1794 2799 haud

269 2830 357 2853 sane
381 2819 522 2863 ‘coloceri
547 2818 733 2852 habendus
759 2821 824 2852 aut
849 2818 1049 2852 Plautinus
1074 2819 1127 2853 vel
1152 2819 1239 2853 adeo
1266 2818 1569 2852 I’Iautinissimus
1595 2820 1662 2852 est:
1687 2817 1794 2852 ‹litto-

271 2872 446 2916 yraphiae
471 2882 561 2915 quas
586 2872 643 2905 hic
668 2871 846 2906 habebant
870 2872 1034 2917 fissuram
1059 2872 1266 2906 orationem.
1305 2870 1356 2913 Of.
1381 2870 1499 2914 praef.

366 2934 444 2965 814.
469 2930 615 2975 ‘abegit
633 2934 723 2965 recte
742 2941 777 2965 se
789 2931 917 2965 habere
936 2934 967 2965 et
986 2931 1075 2965 milii
1089 2930 1341 2965 Fleckeiseuus
1356 2929 1540 2974 persuasit
1560 2933 1592 2964 et
1606 2930 1691 2964 aliis
1711 2929 1795 2964 olim

266 2984 452 3028 probabit’
484 2984 702 3019 Itibbeclcius
727 2987 817 3028 tragy.
841 2984 900 3018 lat.
921 2984 1068 3027 fraom.¹
1086 2996 1123 3027 p.
1143 2983 1246 3017 VIII
1257 2984 1315 3027 (ef.
1327 2994 1364 3027 p.
1380 2983 1476 3026 Lx).-
1502 2983 1594 3017 aaelde
1614 2984 1794 3018 Loewium
