1946 3344
242 253 271 288 X
864 246 1140 282 PRAEFATIO

240 362 512 417 potissimum
553 360 700 402 fabula
741 358 950 413 pristinae
992 363 1040 397 EI
1081 371 1158 411 pro
1192 363 1207 396 Ι
1241 355 1479 410 scripturae
1519 370 1605 397 non
1647 355 1692 396 in
1723 355 1764 396 A

239 437 409 476 tantum
452 431 525 474 sed
563 431 606 471 in
645 429 724 471 Ba
762 442 931 483 quoque
970 427 1229 482 frequentia:
1273 441 1373 468 nam
1412 441 1583 468 rasuras
1620 428 1664 467 et
1701 441 1765 468 ra-

243 505 379 546 dendo
414 506 532 544 ortas
564 502 739 543 lacunas
766 500 810 540 in
835 498 1127 540 Menaechmis
1160 511 1327 552 quoque
1359 498 1517 538 multas
1545 497 1588 538 B
1620 497 1765 550 habet,

241 577 282 617 in
329 588 510 630 quarum
557 574 725 628 partem
769 571 882 612 idem
937 569 1052 612 cadit
1097 569 1208 623 quod
1253 568 1385 623 praef.
1431 568 1587 610 Bacch.
1631 583 1671 622 p.
1714 574 1763 607 IX

242 649 300 701 [p.
331 653 400 686 VH
432 645 494 686 ed.
527 643 620 695 alt]
652 639 853 684 narravi.⁹

360 716 560 758 Ceterum
595 714 781 756 codicem
814 712 857 753 B
890 712 1027 753 denuo
1060 711 1249 753 excussit
1279 709 1502 764 Hinckius‚
1535 707 1618 752 OD
1651 709 1765 751 codi-

243 803 311 830 ces
345 783 809 840 Heidelbergensem*)
849 786 891 825 et
922 783 1204 825 Vrsinianum
1244 781 1307 837 (in
1340 797 1422 836 quo
1454 781 1636 837 legendo
1670 795 1765 836 ope-

243 875 335 902 ram
382 874 502 900 suam
548 856 787 898 Ritschelio
829 855 1106 909 praestiterat
1148 852 1359 895 Hem-icus
1399 850 1637 908 Brunnius)
1679 853 1772 907 ipse

244 931 400 971 iterum
433 929 619 971 versavi:
659 928 708 968 de
740 926 785 968 F
787 926 828 967 Z
856 925 1071 980 Lipsiensi
1103 924 1248 966 codice
1282 926 1324 965 et
1362 923 1554 978 principe
1588 923 1773 964 editione

247 1002 380 1056 deque
416 1000 589 1055 Pyladis
621 998 688 1040 Pii
727 997 910 1039 aliorum
953 996 1172 1038 codicibus
1205 995 1433 1037 Ritschelii
1475 995 1775 1036 adnotationes

248 1074 432 1115 intactas
460 1068 701 1125 reliquissss).
764 1069 828 1110 De
854 1072 892 1106 'R
920 1070 962 1109 et
988 1071 1029 1108 Q
1059 1067 1270 1109 editorum
1296 1066 1412 1107 notis
1444 1080 1530 1107 non
1564 1069 1630 1107 est
1663 1065 1775 1120 quod

249 1158 464 1197 moneam,
502 1156 640 1196 neque
680 1139 744 1196 (ἧς)
787 1140 957 1195 signum
997 1139 1202 1180 lectorem
1241 1137 1440 1192 delegare
1480 1137 1532 1178 ad
1573 1136 1775 1191 appendi-

246 1230 348 1256 cem.
411 1213 477 1255 Ex
517 1211 745 1253 Ritscheli'i
786 1210 1054 1265 praefatione
1097 1208 1246 1266 (quam
1289 1209 1463 1263 scripsit
1504 1209 1682 1251 Bonnae
1722 1223 1776 1249 m.

248 1286 363 1340 Sept.
398 1301 433 1326 a.
466 1280 718 1338 MDCCCL)
752 1282 858 1324 haec
891 1296 1062 1336 quoque
1094 1284 1306 1335 repetam:

365 1357 431 1398 ‘In
458 1354 739 1411 perpolienda
764 1353 914 1395 fabula
940 1368 1035 1395 cum
1069 1353 1121 1394 ad
1150 1354 1292 1393 actum
1325 1353 1523 1406 quintum
1557 1351 1773 1406 pervenis—

248 1443 351 1483 sem⁷
385 1426 704 1469 emendationes
737 1425 883 1480 accepi
915 1423 1263 1477 Fleckeiseni7
1304 1438 1328 1464 a
1361 1437 1443 1477 quo
1476 1423 1684 1476 petieram
1717 1426 1776 1476 ut,

248 1501 282 1541 si
317 1499 418 1554 quid
453 1497 520 1555 (ut
552 1495 682 1552 solet)
715 1496 895 1538 haberet
927 1510 1009 1550 quo
1043 1510 1181 1537 meam
1223 1509 1398 1549 operam
1433 1495 1694 1547 sublevaret,
1733 1493 1777 1535 id

247 1585 413 1613 mecum
458 1570 592 1610 amice
637 1567 984 1610 communicaret.
1047 1566 1210 1615 Quibus
1255 1566 1317 1607 ita
1358 1581 1461 1607 usus
1506 1580 1601 1607 sum
1639 1568 1688 1607 ut
1729 1566 1775 1606 in

247 1642 393 1683 labore
427 1656 503 1695 pro
537 1640 652 1682 virili
690 1642 813 1694 parte
859 1638 1103 1693 peragendo
1135 1651 1360 1692 pergerem
1399 1640 1441 1678 et
1474 1637 1674 1678 absoluta
1707 1636 1774 1677 de—

249 1728 367 1754 mum
400 1712 549 1754 fabula
577 1711 692 1752 illius
721 1712 808 1752 sive
836 1712 1101 1751 correcturas
1136 1709 1225 1750 sive
1258 1708 1524 1750 coniecturas
1559 1710 1633 1750 aut
1653 1707 1777 1749 Plau-

249 1783 353 1824 tinis
393 1783 534 1824 verbis
574 1782 822 1822 adhiberem
865 1784 940 1822 aut
979 1781 1024 1821 in
1065 1780 1348 1822 annotatione
1374 1793 1777 1831 commemorarem.

249 1854 343 1903 Quo
377 1854 541 1895 factum
570 1856 635 1894 est
661 1855 708 1894 ut
739 1852 784 1894 in
810 1852 891 1893 hac
918 1852 1047 1893 toties
1081 1852 1252 1906 legatur
1272 1850 1324 1902 R,
1356 1852 1452 1892 item
1471 1850 1516 1892 F
1518 1850 1777 1892 leclceisenus:

250 2028 344 2064 Huic
370 2040 457 2064 vero
484 2028 628 2064 accedit
654 2026 891 2062 Ambrosiani
917 2026 1137 2070 auctoritaS,
1175 2026 1235 2070 qui
1267 2028 1305 2061 et
1330 2024 1500 2061 MENAEC
1599 2035 1676 2061 KMI
1704 2025 1776 2060 sin-

251 2083 349 2127 gulis
375 2083 520 2128 paginis
547 2082 766 2125 inscriptum
792 2081 907 2115 habet
933 2080 1020 2125 (nisi
1044 2079 1144 2124 quod
1170 2080 1227 2114 bis
1255 2080 1393 2115 erravit
1418 2079 1590 2114 librarius
1616 2091 1650 2124 p.
1669 2079 1777 2113 428ss

249 2133 406 2180 ΜΕἙΕΟ,
434 2149 468 2180 p.
496 2140 564 2170 430
590 2134 752 2178 MEffEs,
779 2136 821 2168 ut
845 2134 940 2177 vid„
969 2133 1160 2178 exhibens)
1188 2134 1226 2167 et
1252 2133 1400 2177 saepius
1427 2133 1465 2167 in
1490 2133 1573 2177 ipso
1600 2133 1776 2167 contextu

253 2200 379 2224 veram
405 2189 584 2233 formam,
623 2199 805 2232 nusquam
839 2188 1016 2231 alteram,
1052 2185 1237 2231 perhibet.
1289 2185 1409 2220 Ceteri
1442 2184 1589 2220 codices
1615 2185 1779 2220 Plautini

257 2254 340 2277 cum
368 2242 405 2276 et
430 2241 501 2286 ipsi
528 2253 592 2286 per
618 2254 655 2276 se
681 2241 719 2276 in
741 2240 924 2276 eiusmodi
950 2238 1168 2285 quaestione
1193 2237 1346 2273 minoris
1371 2238 1551 2283 momenti
1577 2237 1663 2283 sint,
1688 2237 1778 2273 item

255 2296 329 2330 ‘ae’
360 2296 510 2329 firmant
536 2294 695 2338 saepius.
746 2294 877 2338 Neque
897 2296 997 2329 recte
1027 2291 1301 2328 ‘Meneehimis’
1331 2291 1553 2336 scripturam
1578 2291 1780 2326 Muellerus

255 2361 297 2383 cx
327 2348 588 2383 ‘Menechinis’
624 2347 819 2383 derivavit.
872 2347 943 2381 Illa
975 2345 1075 2381 enim
1107 2345 1254 2390 saepius
1286 2344 1399 2379 etiam
1432 2344 1470 2379 in
1503 2343 1779 2388 antiquioribus

256 2400 447 2437 codicibus
484 2399 672 2435 invenitur
707 2400 826 2444 (velut
853 2398 1149 2435 ‘Menaechimis'
1180 2397 1322 2433 Keilius
1363 2398 1463 2443 apud
1494 2397 1699 2433 Varronem
1733 2397 1779 2431 de

252 2468 278 2490 r.
306 2466 333 2489 r.
360 2454 393 2487 Π
427 2454 473 2488 ad
501 2452 750 2497 antiquiorem
784 2453 898 2488 refert
929 2453 1211 2498 archetypum),
1246 2453 1342 2486 hanc
1368 2450 1456 2485 Itali
1488 2451 1711 2487 invexerunt
1736 2462 1779 2486 ex

255 2506 512 2552 ‘Meneghino’
535 2505 824 2541 Mediolanensis
853 2505 1100 2541 similitudine
1128 2506 1186 2549 (cf.
1208 2504 1516 2549 Burckhardtius‚
1545 2505 1692 2541 ‘Oultur
1717 2506 1780 2540 der

256 2560 519 2596 Renaissancc'
553 2559 604 2593 11⁴
635 2572 670 2603 p.
700 2563 745 2593 40
775 2559 885 2604 adn.).
937 2559 1109 2594 Ceterum
1138 2558 1410 2593 ‘Menechinus’
1440 2558 1559 2593 forma
1585 2569 1669 2592 cum
1696 2569 1779 2592 con-

253 2617 354 2649 stans
381 2612 430 2648 sit
454 2612 493 2648 in
521 2612 735 2648 recensione
762 2612 875 2656 Itala,
902 2614 1060 2647 fortasse
1086 2613 1214 2647 nostro
1247 2611 1326 2646 iure
1360 2610 1614 2646 concludimus
1640 2612 1686 2645 ab
1712 2610 1781 2645 illa

256 2678 329 2701 non
355 2666 517 2701 alienum
550 2677 628 2700 esse
661 2665 823 2709 aliquem
856 2665 1043 2700 hominem
1079 2664 1230 2699 doctum
1257 2664 1469 2699 Mediolano
1496 2663 1693 2699 oriundum
1719 2664 1778 2698 vel

255 2718 456 2754 Mediolani
476 2719 682 2763 degentem.
734 2718 784 2752 Cf.
809 2718 990 2762 Voigtius,
1013 2718 1023 2734 ‘
1037 2718 1246 2753 Wz'ederbel.
1270 2718 1303 2753 d.
1325 2719 1368 2753 cl.
1390 2718 1481 2752 Azt?
1502 2717 1554 2751 ΙΙ2
1574 2730 1608 2762 p.
1638 2720 1706 2751 390
1724 2728 1778 2760 sq.

373 2772 406 2818 ss)
432 2772 487 2806 Ex
515 2771 546 2806 Ο
566 2770 753 2806 interdum
779 2782 803 2805 α
828 2782 872 2805 ex
898 2781 918 2806 ο
944 2772 1151 2805 correctum
1182 2770 1427 2806 adnotaverat
1452 2769 1689 2814 Rstschelius,
1714 2770 1779 2804 ubi

256 2825 300 2860 dc
327 2826 446 2860 forma
471 2824 620 2860 litterae
647 2836 670 2858 a
696 2823 821 2868 agitur
848 2824 994 2868 saepius
1019 2825 1208 2869 usurpata,
1235 2836 1308 2859 non
1334 2824 1378 2859 de
1405 2825 1623 2859 correctura.

376 2879 430 2923 **)
458 2878 630 2923 Singulas
658 2876 840 2912 editiones
867 2876 1274 2921 commentationesque
1299 2878 1375 2913 iam
1400 2888 1423 2911 a
1441 2875 1647 2911 Ritschelio
1674 2876 1778 2911 adhi-

257 2930 353 2965 bitas
392 2931 463 2965 etsi
499 2942 571 2965 non
603 2932 782 2975 perpetuo
820 2930 971 2975 contuli,
998 2932 1123 2965 tamen
1149 2931 1213 2964 ubi
1239 2943 1294 2966 res
1320 2931 1496 2966 monebat
1520 2929 1664 2975 inspexi
1690 2942 1778 2963 non—

258 2984 362 3017 nulla
387 2984 527 3018 addens
552 2984 610 3018 vol
638 2983 837 3028 corrigens.
