1946 3344
245 231 365 267 XVIII
878 227 1152 263 PRAEFATIO

243 339 396 395 tiae*):
430 355 526 380 nam
550 339 727 392 propius
749 337 854 378 haec
879 336 1029 378 fabula
1058 336 1111 377 ad
1137 336 1344 378 tricarum
1373 351 1506 392 genus
1529 335 1769 392 (Schwank)

243 411 405 453 aceedit
444 425 571 464 quam
612 409 662 450 ad
706 409 865 449 iustam
905 407 1169 449 comoediam
1203 404 1461 464 (Lustspz'el).
1525 407 1618 457 Qua
1649 407 1693 448 in
1726 423 1770 449 re

242 496 366 522 nemo
400 480 576 536 gravius
603 479 796 534 peccavit
830 493 957 532 quam
985 476 1341 534 Sonnenburgius
1375 493 1653 533 quaecunque
1687 478 1769 519 dis-

242 554 399 608 plicere
433 566 558 606 posse
591 549 817 590 videantur
849 549 902 589 ad
936 548 1279 604 dittographiam
1311 564 1517 591 revocans
1550 549 1770 591 nonnullis

242 640 344 666 sane
377 623 481 665 locis
516 621 853 676 apertissimam:
887 634 936 661 ac
967 620 1217 674 plerumque
1251 620 1322 660 ille
1356 621 1417 661 ita
1451 621 1559 675 agit,
1598 623 1645 661 ut
1676 623 1769 662 tan-

241 710 369 750 quam
408 694 567 735 circino
608 692 751 747 potius
792 706 921 747 quam
961 691 1060 733 stilo
1103 691 1441 732 adumbrandam
1476 706 1569 733 esse
1602 706 1769 733 comoe-

241 767 353 808 diam
399 766 601 820 postulet.
675 764 826 818 Itaque
872 763 1081 818 quaedam
1131 765 1252 804 acute
1298 765 1497 817 reeteque
1542 763 1770 805 observata

240 838 350 879 nube
384 852 577 879 errorum
611 835 901 878 circumdedit.
964 834 1082 883 Quos
1116 849 1209 875 cum
1244 834 1471 889 plerosque
1504 834 1767 875 Ribbeekius

239 910 554 964 Langenusque
583 907 743 962 optime
770 905 1116 960 perstrinxerint,
1149 905 1258 946 alios
1287 905 1435 959 paucis
1463 905 1507 946 in
1535 905 1768 959 appendice

237 996 317 1022 nos
349 980 637 1036 tetigerimus,
669 978 800 1019 nolim
834 977 914 1018 hoc
948 977 1041 1018 loco
1074 976 1199 1030 plura
1234 975 1505 1030 subiungere.

357 1052 475 1093 Inter
509 1065 581 1092 eos
616 1050 687 1105 qui
714 1050 813 1104 post
839 1047 1127 1089 Ritschelium
1159 1046 1269 1088 hanc
1303 1047 1494 1088 fabulam
1528 1049 1770 1089 tractarunt

239 1124 396 1165 iniuria
427 1137 602 1176 prorsus
640 1120 838 1176 neglecta
882 1118 1013 1160 iacuit
1045 1117 1231 1172 Kayseri
1264 1132 1445 1160 censura
1478 1118 1633 1161 Annal.
1666 1118 1768 1160 Hei—

238 1195 423 1249 delberg.
457 1192 638 1245 XLVII,
681 1207 715 1233 a.
752 1190 886 1245 1854,
929 1205 968 1244 p.
1000 1190 1088 1230 414
1104 1204 1211 1244 sqq,
1256 1203 1338 1243 qua
1369 1190 1579 1231 nonnulla
1613 1190 1766 1232 saltem

237 1267 344 1307 bene
393 1264 569 1306 monuit.
633 1262 782 1318 Longe
827 1261 991 1302 maiora
1031 1261 1192 1314 partim
1237 1261 1566 1301 commentando
1608 1261 1766 1315 partim

237 1336 501 1378 emendando
547 1337 718 1389 praeter
764 1332 1016 1386 Langenum
1062 1330 1433 1385 Ribbeckiumque
1479 1346 1586 1386 quos
1640 1332 1765 1374 modo

235 1407 567 1449 commemoravi
595 1405 907 1459 praestiterunt
928 1402 1111 1454 Brixius,
1140 1404 1182 1442 O.
1205 1401 1251 1444 F.
1275 1402 1342 1443 W.
1364 1402 1608 1456 Muellerus,
1630 1402 1764 1457 Spen—

234 1480 387 1534 gelius,
412 1477 656 1531 Vssingius,
684 1475 915 1528 Vahlenus,
944 1474 1031 1515 alii.
1094 1472 1360 1532 Quamquam
1387 1474 1593 1528 pleraque
1620 1474 1762 1516 minus

234 1554 347 1592 recte
387 1565 481 1591 eum
522 1549 594 1590 alii
635 1546 992 1589 administrarunt
1037 1546 1128 1585 tum
1163 1543 1404 1600 Vahlenus,
1442 1544 1523 1586 etsi
1561 1559 1635 1599 per
1667 1545 1764 1600 plus

234 1637 360 1676 quam
393 1621 547 1676 viginti
581 1633 715 1660 annos
749 1617 848 1658 huic
880 1615 1065 1656 maxime
1098 1614 1271 1656 fabulae
1306 1615 1551 1656 continuam
1585 1630 1763 1671 operam

232 1692 420 1734 navavit.
483 1691 545 1732 De
585 1690 703 1732 cuius
743 1687 930 1730 editione
971 1687 1108 1727 obiter
1146 1684 1460 1742 compilatassss>
1501 1701 1596 1728 cum
1635 1686 1764 1741 ‘phiL

231 1808 501 1844 Messenionem
541 1818 621 1841 sero
660 1806 856 1841 advorsum
894 1803 1020 1838 venire
1059 1801 1152 1837 dicit
1190 1813 1256 1847 pro
1296 1801 1448 1845 negotio
1486 1803 1687 1847 imperato:
1723 1805 1764 1839 at

231 1862 358 1907 quidni
393 1862 588 1897 tabernam
619 1860 725 1894 illam
758 1858 904 1903 longius
938 1857 1068 1891 abesse
1103 1860 1316 1890 sumamus?
1351 1856 1550 1891 Praeterea
1578 1857 1679 1892 ‘ante
1707 1868 1760 1892 so-

231 1916 306 1951 lem
333 1915 519 1950 occasum'
556 1914 663 1948 illum
695 1912 821 1948 venire
855 1921 937 1945 erus
970 1909 1145 1952 iusserat,
1180 1919 1263 1943 cum
1297 1910 1378 1954 ipsa
1404 1909 1533 1944 fabula
1560 1910 1627 1944 sub
1653 1911 1760 1946 meri-

232 1969 330 2004 diem
357 1967 522 2013 incipiat.
575 1966 745 2010 Denique
771 1965 928 2000 miratur
954 1963 1101 2007 (p.158)
1129 1962 1227 2005 quod
1254 1962 1551 1997 Menaechmusl
1577 1962 1762 1998 familiam

235 2022 516 2067 Syracusanam,
543 2032 586 2055 ex
613 2032 686 2064 qua
707 2030 744 2054 se
772 2019 893 2054 ortum
920 2027 999 2051 esse
1026 2017 1139 2060 probe
1162 2017 1265 2058 sciat,
1294 2016 1405 2060 plane
1432 2027 1505 2050 non
1534 2017 1694 2052 curavit:
1723 2019 1762 2052 at

231 2076 323 2110 bene
350 2074 407 2109 illi
434 2075 491 2109 est
516 2072 727 2119 Epidamni,
754 2072 817 2116 qui
840 2070 986 2106 omnino
1009 2069 1104 2102 diem
1134 2069 1265 2113 carpat
1291 2068 1402 2103 homo
1430 2068 1548 2103 levior
1573 2070 1760 2104 lascivior—

231 2139 312 2174 que.
362 2127 468 2162 Talia
506 2139 587 2162 cum
626 2124 841 2171 responderi
878 2123 1040 2169 possint,
1075 2122 1211 2156 rectius
1245 2122 1394 2156 omnino
1427 2132 1502 2167 non
1536 2122 1759 2167 quaerimus,

231 2193 324 2226 quac
350 2181 411 2216 vix
437 2181 646 2224 offendunt,
681 2179 712 2214 si
743 2191 816 2214 non
841 2179 919 2212 tam
947 2176 1095 2221 singula
1135 2175 1316 2210 curiosius
1344 2176 1608 2221 expendimus,
1648 2187 1759 2221 quam

229 2235 350 2280 lepide
377 2234 571 2278 vivideque
599 2233 764 2268 fabulam
790 2230 1014 2277 peragimus.

346 2287 378 2331 ²¹⁵)
405 2288 486 2322 Huc
519 2286 683 2332 pertinet
715 2286 813 2330 quod
845 2287 998 2328 uterque
1026 2283 1141 2317 frater
1181 2293 1279 2326 quae
1305 2293 1371 2327 per
1397 2283 1567 2327 apertum
1594 2294 1755 2319 errorem

228 2341 391 2386 accipiat
429 2341 465 2374 in
503 2352 609 2375 usum
649 2340 861 2375 convertere
908 2336 990 2371 vult
1027 2334 1302 2381 improbissime
1351 2335 1563 2380 (Langenus
1598 2349 1632 2381 p.
1674 2340 1756 2383 151)

228 2394 401 2439 quodque
428 2394 600 2428 Matrona
637 2393 749 2427 ‘idem
782 2391 881 2436 quod
909 2400 1053 2435 semper
1085 2389 1190 2423 facit⁷
1228 2389 1323 2423 male
1357 2387 1477 2423 virum
1505 2390 1664 2433 habens,
1697 2391 1757 2425 vel

227 2459 310 2482 cum
354 2446 486 2482 fecisse
532 2446 703 2481 videatur
741 2456 835 2489 quae
874 2443 1034 2479 iusserat
1079 2442 1395 2487 (Sonnenburgius
1435 2455 1468 2487 p.
1510 2446 1577 2488 20,
1615 2443 1756 2488 Lange—

226 2513 293 2535 nus
320 2513 354 2545 p.
384 2501 477 2545 152).

345 2554 399 2598 ³⁶²⁸)
428 2552 598 2588 Ceterum
620 2553 771 2587 tandem
792 2550 993 2594 aliquando
1014 2550 1164 2595 publice
1184 2549 1497 2595 pronuntiandum
1516 2552 1583 2595 est,
1607 2551 1677 2586 etsi
1704 2552 1753 2586 le—

225 2619 291 2651 ges
318 2619 388 2642 non
421 2605 629 2652 impediant
658 2626 699 2630 -—
728 2604 825 2648 quod
851 2614 939 2639 sane
966 2605 1167 2640 dolendum
1194 2626 1250 2648 —,
1276 2615 1405 2649 parum
1446 2604 1640 2640 honestam
1673 2616 1752 2640 esse

227 2672 354 2695 eorum
375 2661 568 2703 rationem,
596 2659 659 2703 qui
680 2657 898 2694 collationes
919 2658 1037 2692 multo
1058 2657 1186 2692 labore
1207 2668 1417 2703 magnoque
1444 2656 1632 2702 impendio
1654 2670 1751 2694 com-

226 2716 374 2757 paratas
406 2712 510 2748 nulla
545 2713 654 2747 venia
688 2722 807 2756 neque
840 2710 886 2744 ab
920 2710 1125 2745 editoribus
1160 2721 1277 2754 neque
1305 2722 1326 2744 a
1352 2710 1649 2754 redemptoribus
1682 2711 1750 2746 im-

226 2767 372 2811 petrata
398 2767 578 2811 perpetuo
605 2764 830 2806 exscribant,
864 2762 1010 2797 etiamsi
1044 2762 1081 2796 iu
1114 2763 1259 2807 potiore
1295 2774 1403 2808 quam
1433 2763 1560 2797 dicunt
1587 2763 1748 2799 lectione

227 2832 263 2853 so
298 2818 521 2855 contineant.
574 2816 800 2854 Ribbeckius
834 2827 945 2859 sanc,
985 2815 1044 2850 cui
1077 2827 1140 2850 nos
1183 2815 1255 2860 ipsi
1288 2817 1378 2851 laeti
1412 2815 1581 2851 lubentes
1621 2817 1748 2861 copias

226 2873 477 2907 commisimus
505 2872 643 2917 quique
668 2870 798 2906 eodem
825 2880 897 2913 quo
923 2880 988 2904 nos
1009 2869 1243 2913 redemptore
1266 2880 1350 2903 usus
1379 2869 1443 2912 est,
1471 2867 1594 2902 noluit
1620 2871 1746 2904 tamen

226 2924 334 2958 aliter
361 2926 537 2960 adhibere
564 2937 674 2970 quam
702 2923 842 2969 quivis,
877 2923 940 2967 qui
966 2922 1119 2956 honeste
1147 2921 1389 2965 modesteque
1415 2922 1581 2955 uteretur
1606 2922 1746 2965 paratis

226 2978 260 3010 in
289 2989 518 3012 communem
547 2991 664 3014 usum.
718 2976 788 3012 Sed
816 2975 925 3010 aliter
952 2973 1118 3009 sentiunt
1144 2974 1352 3020 Ribbeck-ii,
1379 2973 1487 3008 aliter
1516 2994 1555 2998 -—
1588 2973 1665 3010 alii.
