1946 3344
103 223 137 258 11
162 228 194 268 3,
220 227 359 258 38—45
730 221 1000 259 BAOCHIDES
1571 225 1626 266 37

759 330 968 366 N1convnvs

839 390 1028 433 Tantum
1060 392 1219 434 debuit.

87 500 89 502 .
759 473 964 508 CHRYSALvs

101 529 235 570 Porro
269 528 399 569 etiam
434 528 632 569 ausculta
662 531 856 583 pugnam
889 543 1015 583 quam
1048 527 1187 570 uoluit
1218 529 1330 572 dare.

757 608 965 645 NICOBVLVS

100 659 346 701 Etiamnest
379 659 479 714 quid
506 659 666 714 porro?

590 760 602 769 V
761 715 965 751 CHRYSALVS

572 772 672 826 Em,
706 771 961 826 accipitrina
992 771 1098 812 11000
1129 774 1242 814 minc
1275 773 1367 815 erit.

758 852 962 887 NICOBVLvs

99 915 313 969 Deceptus
349 930 459 957 sum:
495 914 707 968 Autolyco
740 913 904 967 hospiti
937 928 1089 955 aurum
1122 914 1293 957 credidi.
1557 927 1625 958 275

759 995 965 1030 CHRYSALVS

101 1045 211 1095 Quin
242 1048 289 1087 tu
322 1046 432 1095 audi.

756 1102 959 1137 vNICOBVLVS

438 1157 577 1199 Immo
609 1157 830 1212 ingenium
865 1157 980 1199 auidi
1017 1157 1131 1199 haud
1168 1172 1396 1212 pernoram
1428 1159 1627 1214 hospitis.

755 1238 961 1273 CHRYSALVS

95 1301 332 1355 Postquam
366 1303 517 1342 aurum
552 1300 832 1351 abstulimus,
865 1299 911 1342 sn
943 1315 1099 1341 nauem
1133 1301 1475 1356 conscendimus,

96 1371 227 1414 Domi
255 1372 486 1427 cupientes.
537 1372 648 1413 forte
680 1375 730 1413 ut
762 1371 909 1413 adsedi
940 1370 986 1412 1‘n
1019 1374 1160 1428 stega,

95 1443 207 1485 Dum
239 1443 546 1497 circumspecto
579 1457 664 1497 me,
698 1444 827 1497 atque
861 1456 940 1498 ego
973 1443 1165 1484 lembum
1198 1444 1424 1498 conspicor

188 1551 267 1583 278.
295 1547 514 1595 Fulyentius
545 1548 644 1592 Eoep.
679 1559 779 1582 serm.
811 1559 850 1591 p.
886 1547 1022 1581 XVII
1051 1549 1101 1582 ed.
1137 1548 1202 1583 L:
1241 1548 1395 1593 Istega
1427 1549 1533 1583 nauis
1566 1552 1623 1584 est
1658 1594 1660 1597 y

93 1601 325 1647 proscenium
347 1603 406 1636 uel
426 1601 657 1644 tabulatum,
685 1612 795 1645 super
815 1600 915 1645 quod
933 1600 1061 1636 nauite
1082 1602 1285 1637 ambulant.
1314 1602 1409 1636 sicut
1428 1603 1593 1637 Plautu
1607 1614 1622 1636 s

93 1655 146 1689 ait
172 1655 211 1690 111
237 1654 434 1690 Crisalo:
464 1655 605 1690 ‘forte
634 1654 948 1690 ...consedi’.
976 1655 1021 1697 ef.
1051 1655 1202 1700 Parery.
1224 1667 1264 1700 p.
1291 1659 1361 1691 163

91 1751 278 1785 Bentleius
314 1751 356 1785 in
394 1751 547 1795 Adelph.
576 1750 657 1784 III
692 1753 730 1792 4,
757 1753 812 1784 44.
846 1750 891 1792 ef.
920 1749 1052 1784 Ballas
1078 1761 1118 1794 p.
1146 1752 1202 1785 18.
1230 1749 1333 1785 Mille
1367 1752 1405 1785 et
1443 1751 1622 1786 ducentos

93 1804 283 1848 Philippos
310 1803 532 1839 Ritschelius
558 1804 635 1839 coll.
656 1815 687 1839 v.
708 1806 794 1839 230.
822 1802 1039 1848 Philippum
1059 1803 1161 1838 mille
1190 1804 1226 1838 et
1246 1804 1426 1839 ducentos
1448 1804 1620 1850 Gzlyetus.

90 1856 276 1892 Ducentos
296 1857 511 1902 Philippum
533 1858 570 1891 et
590 1856 694 1891 mille
723 1857 923 1900 Ussinyius.
950 1855 1138 1891 Ducentos
1165 1857 1269 1892 mille
1290 1857 1506 1902 Philippum
1526 1859 1620 1893 Her—

91 1921 246 1945 manmts
331 1914 411 1945 273.
439 1910 569 1956 etiam]
599 1911 685 1944 etZ
768 1910 855 1944 Post
881 1910 1051 1945 ausculta
1075 1921 1180 1945 erasa
1206 1912 1243 1945 te
1269 1911 1308 1945 D
1391 1915 1469 1946 274.
1496 1912 1619 1947 Etiam

90 1975 134 1998 ne
155 1965 209 1998 st?
235 1964 323 2008 quid
350 1964 395 2000 B.
423 1963 536 1999 etiam
555 1974 601 1998 ne
628 1964 686 1998 est
713 1963 802 2007 quid
828 1964 968 2008 reliqui.
996 1963 1120 1998 Etiam
1147 1964 1236 2007 quid
1263 1964 1518 2010 Hermannus,
1539 1965 1620 2000 Rit-

91 2018 251 2052 schelius.
278 2016 451 2052 Etiamne
479 2017 680 2062 Ussinyius.
708 2016 872 2052 Etiamst
897 2016 987 2061 quid
1013 2017 1242 2052 Fritzsclcius
1261 2018 1374 2054 Amal.
1405 2019 1455 2053 Pl
1470 2030 1509 2063 p.
1531 2023 1553 2053 6

89 2071 155 2106 Em
169 2070 292 2106 —erit
311 2082 401 2116 quae
423 2070 600 2115 Chrysalo
621 2070 709 2105 libri
727 2071 908 2114 tribuunt,
928 2071 1110 2106 Nicobulo
1131 2073 1350 2107 continuant
1369 2072 1617 2115 Her-mannus,

91 2124 311 2160 Bitschelzssus
397 2124 466 2158 Em
482 2124 531 2167 B,
550 2123 709 2158 Briaez‘us
730 2123 883 2158 Emencz.
906 2125 946 2158 in
965 2125 1068 2169 Capt.
1085 2136 1124 2170 p.
1145 2128 1205 2168 21,
1221 2126 1441 2160 Ribbeck-zius
1460 2127 1502 2161 de
1516 2130 1617 2170 part.

87 2189 124 2222 p.
145 2181 204 2214 32.
226 2178 322 2213 Hem
344 2177 513 2213 ODFZ.
534 2176 650 2211 Immo
672 2176 901 2212 Fritzschius
919 2178 1030 2212 Avnaz.
1056 2179 1115 2213 Pl.
1132 2190 1171 2222 p.
1187 2181 1210 2213 6
1284 2179 1504 2224 accipitrina
1523 2179 1617 2213 Her-

89 2242 255 2266 mamzus.
278 2231 404 2275 accipe
430 2230 529 2265 trina
553 2229 728 2265 BGDF.
756 2230 884 2275 accipe
904 2230 1000 2265 trine
1022 2232 1057 2265 Z
1127 2233 1197 2266 hec
1223 2232 1261 2266 D
1336 2236 1414 2267 275.
1437 2232 1618 2277 Autolyco

91 2284 330 2320 Camerarius.
346 2283 506 2319 auiolico
524 2283 607 2319 OD.
623 2282 794 2318 auioloco
808 2283 853 2318 Β.
877 2295 898 2317 0
911 2283 1024 2319 011100
1038 2285 1086 2319 F.
1109 2285 1275 2330 aurilego
1292 2286 1333 2321 Z.
1351 2286 1513 2320 011101100
1529 2285 1617 2320 Scu-

90 2339 208 2373 tarius
269 2342 349 2372 276.
366 2337 504 2380 Quintu
517 2337 556 2372 D
619 2336 707 2371 audi
722 2348 780 2371 me
794 2339 868 2378 (me
878 2348 950 2382 pro
963 2339 1097 2382 Immo]
1109 2339 1291 2383 Beryklus
1307 2339 1436 2383 Opusc.
1456 2340 1528 2383 Ip.
1546 2342 1616 2373 643

159 2391 238 2437 M]
259 2390 532 2426 NICOBALVS
546 2391 595 2433 B,
615 2391 679 2435 qui
691 2391 777 2425 solet
790 2389 949 2426 NICOB.
1024 2392 1141 2427 Immo
1157 2393 1253 2427 libri.
1274 2393 1367 2427 Hem
1384 2392 1614 2427 Ritsclzezius.

91 2443 197 2479 Enim
222 2445 389 2479 Bolhius.
418 2445 483 2478 del.
513 2443 704 2488 Ussinyius
790 2443 981 2489 ingenium
1001 2445 1102 2479 auidi
1122 2445 1258 2480 BDF.
1286 2444 1428 2490 ingenii
1453 2444 1555 2479 auidi
1577 2445 1614 2479 (J.

89 2498 275 2543 ingenium
299 2498 386 2532 audi
404 2497 445 2531 Z.
472 2497 573 2532 auidi
599 2497 790 2542 ingenium
813 2509 891 2533 cum
911 2498 1045 2533 Bomio
1068 2499 1282 2534 liicscheh‘us
1378 2499 1470 2532 haut
1489 2498 1542 2532 Β1

89 2562 282 2596 pernoram
305 2553 342 2595 (o
363 2563 405 2586 ea:
426 2554 464 2595 u)
486 2552 524 2585 D
597 2555 677 2586 277.
704 2551 924 2597 Postquam]
945 2552 962 2585 1
981 2563 1023 2586 ex
1043 2563 1065 2586 0
1086 2563 1175 2587 corr.
1197 2553 1233 2587 B
1309 2552 1564 2587 consendimus
1585 2551 1618 2584 Z

182 2605 350 2649 demum,
382 2605 420 2639 in
446 2616 581 2640 nauem
606 2603 858 2640 inscendimus
885 2605 1117 2641 Bitschelius.
1145 2604 1250 2649 inde,
1283 2615 1416 2639 nauem
1445 2614 1614 2639 conscen-

90 2658 208 2693 dimus
246 2659 413 2694 Bothius.
461 2659 572 2702 atque
614 2657 653 2693 in
697 2669 831 2693 nauem
875 2659 1108 2694 escendimus
1154 2659 1400 2694 Hermanmcs.
1443 2658 1616 2699 ‘fortasse

89 2715 206 2747 tamen
251 2713 348 2747 dedit
387 2715 494 2756 poeta
540 2711 790 2755 Posteaquam
836 2713 1056 2747 abstulimus
1103 2723 1248 2754 aurum,
1301 2711 1337 2745 in
1382 2721 1515 2744 nauem
1559 2710 1611 2743 in-

89 2765 316 2799 scendimus’
353 2765 590 2800 Ritselzelius:
629 2766 723 2809 quod
760 2767 942 2810 improbat
977 2766 1106 2811 Opusc.
1138 2766 1205 2800 vol.
1241 2766 1295 2798 II
1327 2776 1364 2807 p.
1399 2767 1470 2797 547
1507 2764 1611 2797 Post-

89 2829 199 2862 quam
224 2828 352 2852 aurum
379 2817 619 2861 abstulimus,
658 2821 744 2863 post
769 2817 807 2852 in
833 2829 967 2854 nauem
992 2818 1241 2853 inscendimus
1262 2827 1470 2861 proponens

89 2874 166 2905 278.
194 2871 303 2906 Domi
329 2871 550 2906 Ritschelius
578 2871 719 2916 Prole—q.
750 2872 782 2906 T
781 2873 852 2907 rin.
881 2884 919 2917 p.
949 2872 1218 2907 CCCXXJJJ.
1255 2871 1404 2904 domum
1430 2870 1516 2903 libri

88 2923 182 2959 forte
202 2934 270 2969 ego
290 2926 333 2959 ut
350 2924 470 2970 istega
483 2923 635 2960 consedi
650 2924 870 2969 Fulgentius
943 2926 1051 2970 gesta
1072 2925 1196 2959 ‘cocleae
1211 2922 1414 2957 Rmnmzus’
1438 2922 1612 2967 Lonyolii

164 2981 242 3013 279.
258 2977 526 3023 circumspecto
540 2988 598 3012 mc
615 2977 835 3014 Ritschelius
855 2979 931 3013 coll.
951 2978 1054 3013 Trin.
1070 2989 1099 3012 v.
1122 2978 1303 3011 1461563.
1327 2975 1460 3010 circum
1484 2977 1611 3021 specto
