1946 3344
757 227 1030 265 PRAEFATIO
1604 225 1654 259 IX

130 340 252 381 libris
286 339 370 381 soli
405 340 644 393 supersunt.
708 337 870 387 Quibus
904 336 975 392 qui
1007 337 1137 392 vulgo
1170 336 1507 391 praemittuntur
1539 347 1653 376 XXIII
1696 333 1698 335 ’

130 426 277 453 versus
310 411 435 465 longe
468 409 744 463 ineptissimi,
778 409 817 451 ei
849 409 1033 463 primum
1068 410 1142 450 aut
1172 408 1217 448 in
1249 407 1316 448 Pii
1350 406 1536 448 editione
1568 405 1653 447 Me-

128 482 368 524 diolanensi
410 481 676 536 prodierunt,
721 483 769 522 ut
807 480 1057 534 suspicabar
1099 480 1145 520 in
1189 478 1548 520 commentatione
1587 476 1653 518 ‘de

129 555 228 596 crisi
265 552 482 595 Plautina'
520 568 558 607 p.
592 552 678 594 200
719 553 792 604 [=
820 550 974 606 Opusc.
1012 551 1093 593 vol.
1125 550 1167 591 II
1205 566 1244 605 p.
1277 550 1371 604 56]‚
1411 551 1485 591 aut
1522 549 1566 590 in
1604 562 1653 590 eo

130 625 324 679 exemplo
353 624 466 679 quod
491 638 670 665 numero
691 623 718 665 5
740 623 959 679 signatum
985 622 1142 663 ibidem
1170 621 1377 675 descripsi
1402 637 1442 676 p.
1464 620 1547 662 189
1566 634 1655 674 sqq.

132 700 206 751 [=
228 696 381 752 Opusc.
410 696 491 737 vol.
517 695 560 736 II
591 711 629 749 p.
657 696 731 736 44:
763 695 863 748 hoc,
895 708 982 735 non
1015 693 1137 748 illud,
1170 707 1316 734 verum
1343 707 1435 734 esse
1462 691 1655 733 Ritsche-

130 769 214 811 lius
247 785 284 823 p.
311 769 367 810 48
400 768 491 821 ipse
524 766 705 818 docuit]:
737 765 782 807 in
809 779 891 820 quo
921 764 1002 806 etsi
1027 765 1110 819 illi,
1143 764 1255 820 quod
1281 766 1373 805 tum
1400 762 1659 817 nesciebam,

130 841 331 895 leguntur
369 853 489 892 sane,
527 841 673 879 tamen
707 837 758 878 de
795 839 988 890 tempore
1027 836 1254 890 quicquam
1292 834 1459 876 definiri
1495 835 1656 889 nequit.

130 911 220 953 Nec
259 911 413 952 mirum
452 910 612 952 novicii
651 906 942 963 supplementi
981 907 1110 949 etiam
1144 907 1309 948 codices
1344 905 1552 961 quosdam
1582 920 1656 947 no-

130 983 261 1025 vicios
294 982 527 1036 participes
561 995 671 1022 esse:
709 995 812 1021 nam
850 995 938 1022 non
977 981 1021 1021 in
1052 978 1254 1034 Longolii
1290 979 1460 1018 tantum
1498 976 1657 1018 ‘codice

131 1053 342 1096 Romano'
382 1054 487 1094 illud
531 1054 750 1106 repertum
792 1054 874 1106 est,
918 1053 966 1093 ut
1004 1052 1030 1092 l.
1064 1066 1094 1092 s.
1129 1066 1160 1091 s.
1198 1065 1237 1104 p.
1273 1050 1354 1090 167
1398 1049 1470 1100 [=
1505 1047 1657 1101 Opusc.

133 1127 215 1167 vol.
247 1125 289 1167 II
333 1141 373 1180 p.
416 1125 486 1177 17]
534 1124 638 1166 dixi:
684 1124 757 1178 qui
804 1122 967 1164 ‘codex’
1006 1122 1195 1164 dubitari
1232 1123 1375 1176 potest
1420 1119 1658 1173 scriptusne

131 1198 238 1239 liber
277 1211 330 1238 an
368 1197 603 1251 impressus
642 1195 989 1250 interpretandus
1029 1194 1102 1235 sit:
1148 1192 1220 1234 sed
1266 1194 1407 1233 exstat
1446 1191 1576 1231 etiam
1615 1191 1658 1231 in

130 1269 380 1310 Florentino
407 1267 458 1309 U.
508 1267 757 1322 Eodemque
790 1269 956 1321 spectat
990 1266 1101 1321 quod
1134 1265 1176 1305 in
1204 1263 1456 1305 Florentino
1485 1262 1518 1318 Q,
1553 1262 1658 1303 duae

132 1340 315 1395 paginae
348 1339 410 1380 ita
443 1341 544 1380 sunt
576 1353 734 1380 vacuae
765 1338 957 1392 relictae,
997 1340 1045 1379 ut
1082 1336 1127 1377 in
1164 1336 1248 1377 fine
1282 1335 1451 1376 demum
1485 1334 1659 1375 alterius

134 1413 215 1454 duo
249 1425 396 1452 versus
430 1411 493 1452 illi
527 1425 624 1452 vere
645 1409 836 1452 Plautini
864 1409 1013 1463 scripti
1042 1409 1146 1462 sint,
1177 1407 1245 1449 his
1273 1409 1417 1448 autem
1444 1405 1659 1459 adscripta

132 1485 177 1526 in
223 1483 417 1539 margine
462 1481 681 1524 Ciceronis
727 1481 779 1523 ad
824 1480 956 1522 famil.
995 1480 1056 1521 IX
1091 1480 1144 1522 16
1190 1479 1381 1520 narratio
1428 1477 1477 1518 de
1523 1475 1660 1518 Servii

136 1554 275 1597 Clodii
308 1554 463 1596 iudicio
497 1551 721 1595 Plautino'.

253 1626 596 1667 Personarum
630 1623 838 1666 nomina
870 1623 913 1664 in
941 1622 1084 1664 codice
1110 1621 1300 1663 Vetere
1327 1621 1370 1662 in
1398 1620 1548 1661 mediis
1577 1634 1660 1660 ser-

133 1697 331 1740 monibus
359 1712 435 1752 per
459 1697 569 1738 hanc
595 1696 787 1737 fabulam
814 1695 901 1736 fere
922 1696 1169 1736 constanter
1197 1692 1379 1748 singulis
1400 1694 1568 1733 tantum
1594 1691 1662 1732 lit·

134 1770 237 1811 teris
274 1771 497 1822 notantur,
537 1771 584 1809 ut
615 1768 648 1809 P
688 1767 743 1808 sit
774 1781 852 1821 pro
886 1765 1114 1819 Pseudolo,
1152 1780 1240 1807 non
1273 1762 1366 1818 PS.,
1404 1762 1440 1803 B
1473 1778 1550 1817 pro
1583 1761 1663 1804 Bal

135 1842 260 1894 lione,
280 1831 372 1882 ‘non
399 1840 488 1882 BA.
515 1839 583 1881 vel
604 1839 740 1893 BAL„
768 1837 800 1880 C
820 1852 896 1892 pro
919 1836 1132 1890 Calidoro,
1160 1835 1187 1889 S
1213 1851 1291 1890 pro
1313 1834 1497 1889 Simone,
1525 1833 1557 1875 C
1584 1849 1661 1889 pro

136 1911 410 1967 Calliphone,
442 1911 484 1952 H
516 1925 593 1966 pro
626 1910 842 1964 Harpace,
876 1908 952 1950 CH
985 1923 1062 1963 pro
1097 1906 1307 1958 Charino,
1340 1906 1372 1948 C
1405 1921 1482 1961 pro
1516 1920 1664 1961 coquo,

138 1983 165 2026 S
198 1999 276 2039 pro
310 1982 445 2025 Simia
477 1983 547 2024 vel
578 1982 722 2037 potius
756 1980 1050 2036 Sycophanta,
1089 1982 1131 2020 et
1169 1979 1309 2021 colore
1341 1979 1500 2033 partim
1533 1979 1663 2019 rubro

136 2056 295 2110 partim
323 2055 530 2116 caeruleo,
555 2068 642 2095 non
669 2056 774 2094 atro.
825 2052 962 2095 eVnde
990 2067 1086 2093 cum
1106 2050 1381 2106 postmodum
1403 2051 1572 2091 demum
1594 2064 1664 2090 eas

137 2142 229 2168 esse
251 2126 439 2168 adiectas
460 2126 752 2179 intellegatur,
777 2125 918 2166 minus
941 2124 1069 2165 etiam
1092 2123 1277 2164 mirandi
1299 2124 1398 2164 sunt
1413 2125 1478 2163 tot
1499 2136 1664 2163 errores

136 2199 182 2239 in
233 2184 546 2253 distinguendis
595 2196 841 2238 fabularum
886 2195 1187 2237 Plautinarum
1237 2194 1432 2248 personis
1478 2193 1664 2235 admissi.

139 2268 390 2311 Cuiusmodi
417 2270 573 2311 erroris
600 2269 672 2309 vix
701 2267 815 2309 aliud
842 2270 984 2308 exstat
1009 2269 1098 2308 tam
1126 2266 1389 2308 luculentum
1412 2265 1665 2320 exemplum,

138 2356 265 2396 quam
299 2340 410 2396 quod
443 2341 488 2382 in
512 2340 780 2381 Ballionis
814 2353 997 2393 persona
1031 2338 1219 2380 cernitur
1252 2338 1298 2379 in
1325 2337 1523 2379 ultimam
1552 2351 1664 2378 scae-

137 2428 238 2454 nam
271 2427 497 2467 perperam
530 2413 718 2466 invecta,
762 2426 786 2452 a
818 2426 902 2465 qua
935 2410 1121 2452 dubitari
1153 2409 1300 2463 nequit
1333 2409 1435 2463 quin
1469 2409 1543 2450 illa
1576 2411 1665 2449 tam

139 2485 195 2525 sit
227 2485 368 2526 aliena
401 2499 527 2539 quam
563 2486 627 2524 est
653 2483 869 2537 patienter
896 2481 1032 2523 adhuc
1064 2480 1264 2522 tolerata'
1294 2480 1539 2533 [Ritschelii
1568 2482 1667 2520 sunt

140 2556 302 2608 verba].
365 2554 457 2597 Hoc
495 2557 640 2596 tamen
681 2555 726 2595 in
758 2554 1026 2608 praefatione
1058 2553 1275 2594 monuisse
1309 2552 1414 2593 satis
1448 2552 1539 2592 erit.
1602 2550 1666 2591 Ac

141 2643 194 2669 ne
238 2628 500 2681 reliquorum
546 2626 716 2681 quidem
764 2625 956 2667 codicum
1003 2624 1256 2679 compendia
1302 2625 1345 2665 in
1391 2623 1666 2664 adnotatione

144 2698 300 2753 ubique
332 2698 525 2739 imitatus
559 2711 664 2738 sum.

259 2769 347 2824 Ipsi
381 2771 523 2810 autem
555 2768 724 2809 fabulae
752 2768 824 2822 qui
851 2782 1004 2809 nomen
1033 2767 1148 2808 dedit
1175 2781 1321 2808 servus
1348 2768 1489 2806 utrum
1517 2764 1666 2805 Pseu-

141 2841 290 2882 dolus
323 2843 436 2881 recte
470 2840 710 2894 appelletur
744 2854 797 2880 an
830 2838 1130 2891 Pseudulus,
1164 2839 1346 2879 multum
1380 2836 1666 2889 disceptatum

141 2914 218 2953 est.
276 2911 338 2952 De
371 2926 454 2966 qua
485 2925 529 2952 re
563 2925 657 2952 cum
686 2909 946 2951 Ritschelius
980 2910 1141 2963 proleg.
1170 2924 1208 2962 p.
1236 2905 1491 2948 CCCXVIII
1520 2906 1666 2959 paucis

139 2981 200 3022 ita
246 2981 522 3036 disputasset,
568 2985 614 3023 ut
661 2981 938 3023 recentiorem
987 2995 1078 3022 esse
1123 2978 1400 3021 contenderet
1437 2977 1665 3019 Pseudolus
