<?xml version="1.0" encoding="UTF-8"?>
<!DOCTYPE html PUBLIC "-//W3C//DTD XHTML 1.0 Transitional//EN"
    "http://www.w3.org/TR/xhtml1/DTD/xhtml1-transitional.dtd">
<html xmlns="http://www.w3.org/1999/xhtml" xml:lang="en" lang="en">
 <head>
  <title>
</title>
<meta http-equiv="Content-Type" content="text/html;charset=utf-8" />
  <meta name='ocr-system' content='tesseract 3.04.00' />
  <meta name='ocr-capabilities' content='ocr_page ocr_carea ocr_par ocr_line ocrx_word'/>
</head>
<body>
  <div class='ocr_page' id='page_1' title='image "./comoediaerecensv03plauuoft_0180.png"; bbox 0 0 1946 3344; ppageno 0'>
   <div class='ocr_carea' id='block_1_1' title="bbox 284 209 1180 245">
    <p class='ocr_par' dir='ltr' id='par_1_1' title="bbox 284 209 1180 245">
     <span class='ocr_line' id='line_1_1' title="bbox 284 209 1180 245; baseline 0.001 -1"><span class='ocrx_word' id='word_1_1' title='bbox 284 209 366 244; x_wconf 86' lang='lat' dir='ltr'>XIV</span> <span class='ocrx_word' id='word_1_2' title='bbox 910 209 1180 245; x_wconf 84' lang='lat' dir='ltr'><strong>PRAEFATIO</strong></span> 
     </span>
    </p>
   </div>
   <div class='ocr_carea' id='block_1_2' title="bbox 284 316 1818 2150">
    <p class='ocr_par' dir='ltr' id='par_1_2' title="bbox 284 316 1815 1369">
     <span class='ocr_line' id='line_1_2' title="bbox 287 316 1814 376; baseline 0.001 -15"><span class='ocrx_word' id='word_1_3' title='bbox 287 320 514 361; x_wconf 89' lang='lat' dir='ltr'>tinissimis</span> <span class='ocrx_word' id='word_1_4' title='bbox 541 319 746 373; x_wconf 89' lang='lat' dir='ltr'>Langeno</span> <span class='ocrx_word' id='word_1_5' title='bbox 786 316 969 375; x_wconf 72' lang='lat' dir='ltr'>(‘Beitr.’</span> <span class='ocrx_word' id='word_1_6' title='bbox 1002 334 1042 373; x_wconf 92' lang='lat' dir='ltr'>p.</span> <span class='ocrx_word' id='word_1_7' title='bbox 1075 319 1116 360; x_wconf 83' lang='lat'>5:</span> <span class='ocrx_word' id='word_1_8' title='bbox 1152 318 1203 361; x_wconf 85' lang='lat' dir='ltr'>cf.</span> <span class='ocrx_word' id='word_1_9' title='bbox 1237 318 1374 360; x_wconf 88' lang='lat' dir='ltr'>Plaut.</span> <span class='ocrx_word' id='word_1_10' title='bbox 1409 317 1527 361; x_wconf 77' lang='lat' dir='ltr'>Stud.</span> <span class='ocrx_word' id='word_1_11' title='bbox 1560 335 1600 374; x_wconf 90' lang='lat' dir='ltr'>p.</span> <span class='ocrx_word' id='word_1_12' title='bbox 1635 318 1737 376; x_wconf 82' lang='lat'>117)</span> <span class='ocrx_word' id='word_1_13' title='bbox 1770 323 1814 362; x_wconf 89' lang='lat' dir='ltr'>et</span> 
     </span>
     <span class='ocr_line' id='line_1_3' title="bbox 285 390 1815 445; baseline 0.001 -14"><span class='ocrx_word' id='word_1_14' title='bbox 285 391 453 445; x_wconf 61' lang='lat' dir='ltr'>Brimo,</span> <span class='ocrx_word' id='word_1_15' title='bbox 503 391 574 445; x_wconf 87' lang='lat' dir='ltr'>qui</span> <span class='ocrx_word' id='word_1_16' title='bbox 626 391 670 431; x_wconf 89' lang='lat' dir='ltr'>in</span> <span class='ocrx_word' id='word_1_17' title='bbox 724 390 911 430; x_wconf 86' lang='lat' dir='ltr'>editione</span> <span class='ocrx_word' id='word_1_18' title='bbox 958 393 1110 444; x_wconf 88' lang='lat' dir='ltr'>quarta</span> <span class='ocrx_word' id='word_1_19' title='bbox 1155 390 1311 444; x_wconf 88' lang='lat' dir='ltr'>ubique</span> <span class='ocrx_word' id='word_1_20' title='bbox 1362 390 1546 432; x_wconf 65' lang='lat' dir='ltr'>Validam</span> <span class='ocrx_word' id='word_1_21' title='bbox 1598 391 1815 444; x_wconf 77' lang='lat' dir='ltr'>Valeosque</span> 
     </span>
     <span class='ocr_line' id='line_1_4' title="bbox 285 461 1814 517; baseline -0.001 -13"><span class='ocrx_word' id='word_1_22' title='bbox 285 463 487 517; x_wconf 76' lang='lat' dir='ltr'><strong>reposuit.</strong></span> <span class='ocrx_word' id='word_1_23' title='bbox 545 462 609 503; x_wconf 89' lang='lat' dir='ltr'>Ac</span> <span class='ocrx_word' id='word_1_24' title='bbox 641 461 748 502; x_wconf 85' lang='lat' dir='ltr'>mihi</span> <span class='ocrx_word' id='word_1_25' title='bbox 782 475 949 515; x_wconf 87' lang='lat' dir='ltr'>quoque</span> <span class='ocrx_word' id='word_1_26' title='bbox 985 461 1086 502; x_wconf 88' lang='lat' dir='ltr'>olim</span> <span class='ocrx_word' id='word_1_27' title='bbox 1122 461 1267 502; x_wconf 82' lang='lat' dir='ltr'>arrisit</span> <span class='ocrx_word' id='word_1_28' title='bbox 1299 461 1554 515; x_wconf 78' lang='lat' dir='ltr'>coniectura,</span> <span class='ocrx_word' id='word_1_29' title='bbox 1585 462 1668 503; x_wconf 88' lang='lat' dir='ltr'>nisi</span> <span class='ocrx_word' id='word_1_30' title='bbox 1701 462 1814 517; x_wconf 88' lang='lat' dir='ltr'>quod</span> 
     </span>
     <span class='ocr_line' id='line_1_5' title="bbox 284 531 1813 587; baseline 0 -13"><span class='ocrx_word' id='word_1_31' title='bbox 284 534 412 587; x_wconf 89' lang='lat' dir='ltr'>plane</span> <span class='ocrx_word' id='word_1_32' title='bbox 446 533 672 575; x_wconf 80' lang='lat' dir='ltr'>evanuisse</span> <span class='ocrx_word' id='word_1_33' title='bbox 706 532 817 586; x_wconf 87' lang='lat' dir='ltr'>apud</span> <span class='ocrx_word' id='word_1_34' title='bbox 839 531 1041 573; x_wconf 88' lang='lat' dir='ltr'>Plautum</span> <span class='ocrx_word' id='word_1_35' title='bbox 1063 532 1251 573; x_wconf 87' lang='lat' dir='ltr'>litteram</span> <span class='ocrx_word' id='word_1_36' title='bbox 1278 532 1401 573; x_wconf 88' lang='lat' dir='ltr'>illam</span> <span class='ocrx_word' id='word_1_37' title='bbox 1421 547 1507 573; x_wconf 92' lang='lat' dir='ltr'>non</span> <span class='ocrx_word' id='word_1_38' title='bbox 1524 535 1616 573; x_wconf 85' lang='lat' dir='ltr'>tam</span> <span class='ocrx_word' id='word_1_39' title='bbox 1642 533 1813 574; x_wconf 77' lang='lat' dir='ltr'>facilem</span> 
     </span>
     <span class='ocr_line' id='line_1_6' title="bbox 285 602 1813 658; baseline -0.001 -12"><span class='ocrx_word' id='word_1_40' title='bbox 285 619 414 658; x_wconf 87' lang='lat' dir='ltr'>quam</span> <span class='ocrx_word' id='word_1_41' title='bbox 455 604 500 645; x_wconf 88' lang='lat' dir='ltr'>in</span> <span class='ocrx_word' id='word_1_42' title='bbox 543 603 786 645; x_wconf 78' lang='lat' dir='ltr'>Homericis</span> <span class='ocrx_word' id='word_1_43' title='bbox 832 603 1091 644; x_wconf 84' lang='lat' dir='ltr'>carminibus</span> <span class='ocrx_word' id='word_1_44' title='bbox 1139 603 1396 657; x_wconf 84' lang='lat' dir='ltr'>explicatum</span> <span class='ocrx_word' id='word_1_45' title='bbox 1441 603 1632 645; x_wconf 89' lang='lat' dir='ltr'>haberet.</span> <span class='ocrx_word' id='word_1_46' title='bbox 1701 602 1813 644; x_wconf 88' lang='lat' dir='ltr'>Nam</span> 
     </span>
     <span class='ocr_line' id='line_1_7' title="bbox 284 674 1814 730; baseline -0.001 -13"><span class='ocrx_word' id='word_1_47' title='bbox 284 690 482 730; x_wconf 86' lang='lat' dir='ltr'>perverse</span> <span class='ocrx_word' id='word_1_48' title='bbox 529 674 781 729; x_wconf 77' lang='lat' dir='ltr'>Spengelius</span> <span class='ocrx_word' id='word_1_49' title='bbox 822 674 1005 729; x_wconf 87' lang='lat' dir='ltr'>vestigia</span> <span class='ocrx_word' id='word_1_50' title='bbox 1045 675 1161 715; x_wconf 91' lang='lat' dir='ltr'>illius</span> <span class='ocrx_word' id='word_1_51' title='bbox 1202 674 1365 715; x_wconf 85' lang='lat' dir='ltr'>formae</span> <span class='ocrx_word' id='word_1_52' title='bbox 1403 674 1448 715; x_wconf 90' lang='lat' dir='ltr'>in</span> <span class='ocrx_word' id='word_1_53' title='bbox 1492 675 1630 716; x_wconf 65' lang='lat' dir='ltr'>aalide</span> <span class='ocrx_word' id='word_1_54' title='bbox 1683 674 1814 728; x_wconf 87' lang='lat' dir='ltr'>scrip-</span> 
     </span>
     <span class='ocr_line' id='line_1_8' title="bbox 285 745 1815 802; baseline -0.001 -14"><span class='ocrx_word' id='word_1_55' title='bbox 285 750 384 788; x_wconf 86' lang='lat' dir='ltr'>tura</span> <span class='ocrx_word' id='word_1_56' title='bbox 411 747 605 802; x_wconf 84' lang='lat' dir='ltr'>agnovit:</span> <span class='ocrx_word' id='word_1_57' title='bbox 632 761 758 801; x_wconf 86' lang='lat' dir='ltr'>quam</span> <span class='ocrx_word' id='word_1_58' title='bbox 785 746 952 787; x_wconf 87' lang='lat' dir='ltr'>invecto</span> <span class='ocrx_word' id='word_1_59' title='bbox 973 746 1146 786; x_wconf 89' lang='lat' dir='ltr'>nomine</span> <span class='ocrx_word' id='word_1_60' title='bbox 1174 760 1223 786; x_wconf 86' lang='lat' dir='ltr'>ex</span> <span class='ocrx_word' id='word_1_61' title='bbox 1243 745 1403 787; x_wconf 85' lang='lat' dir='ltr'>fabulis</span> <span class='ocrx_word' id='word_1_62' title='bbox 1431 745 1658 786; x_wconf 88' lang='lat' dir='ltr'>notissimo</span> <span class='ocrx_word' id='word_1_63' title='bbox 1685 745 1815 786; x_wconf 84' lang='lat' dir='ltr'>inter-</span> 
     </span>
     <span class='ocr_line' id='line_1_9' title="bbox 285 814 1814 872; baseline -0.001 -14"><span class='ocrx_word' id='word_1_64' title='bbox 285 818 477 872; x_wconf 85' lang='lat' dir='ltr'>polatam</span> <span class='ocrx_word' id='word_1_65' title='bbox 515 831 608 858; x_wconf 88' lang='lat' dir='ltr'>esse</span> <span class='ocrx_word' id='word_1_66' title='bbox 648 818 742 872; x_wconf 89' lang='lat' dir='ltr'>quis</span> <span class='ocrx_word' id='word_1_67' title='bbox 781 820 846 858; x_wconf 87' lang='lat' dir='ltr'>est</span> <span class='ocrx_word' id='word_1_68' title='bbox 884 817 986 871; x_wconf 91' lang='lat' dir='ltr'>quin</span> <span class='ocrx_word' id='word_1_69' title='bbox 1026 816 1214 858; x_wconf 80' lang='lat' dir='ltr'>sentiat?</span> <span class='ocrx_word' id='word_1_70' title='bbox 1272 816 1380 857; x_wconf 85' lang='lat' dir='ltr'>Tum</span> <span class='ocrx_word' id='word_1_71' title='bbox 1424 814 1654 870; x_wconf 79' lang='lat' dir='ltr'>Seyffertus</span> <span class='ocrx_word' id='word_1_72' title='bbox 1697 816 1814 857; x_wconf 89' lang='lat' dir='ltr'>dubi—</span> 
     </span>
     <span class='ocr_line' id='line_1_10' title="bbox 284 885 1814 930; baseline 0 -1"><span class='ocrx_word' id='word_1_73' title='bbox 284 889 496 930; x_wconf 88' lang='lat' dir='ltr'>tationem</span> <span class='ocrx_word' id='word_1_74' title='bbox 536 888 585 930; x_wconf 86' lang='lat' dir='ltr'>de</span> <span class='ocrx_word' id='word_1_75' title='bbox 625 888 705 929; x_wconf 87' lang='lat' dir='ltr'>hac</span> <span class='ocrx_word' id='word_1_76' title='bbox 748 903 793 929; x_wconf 88' lang='lat' dir='ltr'>re</span> <span class='ocrx_word' id='word_1_77' title='bbox 835 888 953 929; x_wconf 83' lang='lat' dir='ltr'>auxit</span> <span class='ocrx_word' id='word_1_78' title='bbox 999 888 1044 929; x_wconf 89' lang='lat' dir='ltr'>in</span> <span class='ocrx_word' id='word_1_79' title='bbox 1086 887 1286 929; x_wconf 84' lang='lat' dir='ltr'>editionis</span> <span class='ocrx_word' id='word_1_80' title='bbox 1330 885 1587 928; x_wconf 51' lang='lat' dir='ltr'>Brixiam&amp;</span> <span class='ocrx_word' id='word_1_81' title='bbox 1636 901 1814 929; x_wconf 82' lang='lat' dir='ltr'>censura</span> 
     </span>
     <span class='ocr_line' id='line_1_11' title="bbox 287 957 1813 1014; baseline -0.001 -13"><span class='ocrx_word' id='word_1_82' title='bbox 287 959 437 1014; x_wconf 72' lang='lat' dir='ltr'>(‘Berl.</span> <span class='ocrx_word' id='word_1_83' title='bbox 479 959 628 1014; x_wconf 83' lang='lat' dir='ltr'>philol.</span> <span class='ocrx_word' id='word_1_84' title='bbox 666 957 991 1000; x_wconf 66' lang='lat' dir='ltr'>Woehenschr?</span> <span class='ocrx_word' id='word_1_85' title='bbox 1035 974 1070 1001; x_wconf 89' lang='lat' dir='ltr'>a.</span> <span class='ocrx_word' id='word_1_86' title='bbox 1111 959 1224 1000; x_wconf 79' lang='lat'>1884</span> <span class='ocrx_word' id='word_1_87' title='bbox 1265 973 1305 1012; x_wconf 90' lang='lat' dir='ltr'>p.</span> <span class='ocrx_word' id='word_1_88' title='bbox 1349 958 1480 1013; x_wconf 81' lang='lat'>1351)</span> <span class='ocrx_word' id='word_1_89' title='bbox 1530 958 1669 999; x_wconf 85' lang='lat' dir='ltr'>tribus</span> <span class='ocrx_word' id='word_1_90' title='bbox 1710 958 1813 999; x_wconf 86' lang='lat' dir='ltr'>locis</span> 
     </span>
     <span class='ocr_line' id='line_1_12' title="bbox 287 1029 1814 1087; baseline -0.002 -14"><span class='ocrx_word' id='word_1_91' title='bbox 287 1032 441 1087; x_wconf 87' lang='lat' dir='ltr'>quibus</span> <span class='ocrx_word' id='word_1_92' title='bbox 481 1031 624 1072; x_wconf 78' lang='lat' dir='ltr'>hiatus</span> <span class='ocrx_word' id='word_1_93' title='bbox 664 1031 724 1072; x_wconf 86' lang='lat' dir='ltr'>sic</span> <span class='ocrx_word' id='word_1_94' title='bbox 764 1030 1018 1084; x_wconf 87' lang='lat' dir='ltr'>simpliciter</span> <span class='ocrx_word' id='word_1_95' title='bbox 1056 1032 1330 1071; x_wconf 85' lang='lat' dir='ltr'>removeatur</span> <span class='ocrx_word' id='word_1_96' title='bbox 1368 1029 1472 1071; x_wconf 88' lang='lat' dir='ltr'>item</span> <span class='ocrx_word' id='word_1_97' title='bbox 1513 1031 1600 1070; x_wconf 84' lang='lat' dir='ltr'>tres</span> <span class='ocrx_word' id='word_1_98' title='bbox 1642 1029 1814 1070; x_wconf 88' lang='lat' dir='ltr'>obstare</span> 
     </span>
     <span class='ocr_line' id='line_1_13' title="bbox 287 1098 1813 1159; baseline -0.003 -15"><span class='ocrx_word' id='word_1_99' title='bbox 287 1117 490 1159; x_wconf 73' lang='lat' dir='ltr'>arguens,</span> <span class='ocrx_word' id='word_1_100' title='bbox 534 1102 607 1156; x_wconf 85' lang='lat' dir='ltr'>qui</span> <span class='ocrx_word' id='word_1_101' title='bbox 652 1102 711 1143; x_wconf 89' lang='lat' dir='ltr'>sic</span> <span class='ocrx_word' id='word_1_102' title='bbox 757 1101 927 1142; x_wconf 86' lang='lat' dir='ltr'>demum</span> <span class='ocrx_word' id='word_1_103' title='bbox 973 1101 1231 1142; x_wconf 88' lang='lat' dir='ltr'>immutandi</span> <span class='ocrx_word' id='word_1_104' title='bbox 1276 1098 1502 1155; x_wconf 70' lang='lat' dir='ltr'>f‘uerint*).</span> <span class='ocrx_word' id='word_1_105' title='bbox 1575 1100 1634 1140; x_wconf 89' lang='lat' dir='ltr'>At</span> <span class='ocrx_word' id='word_1_106' title='bbox 1678 1100 1813 1141; x_wconf 91' lang='lat' dir='ltr'>multo</span> 
     </span>
     <span class='ocr_line' id='line_1_14' title="bbox 287 1170 1813 1229; baseline -0.003 -14"><span class='ocrx_word' id='word_1_107' title='bbox 287 1174 458 1229; x_wconf 84' lang='lat' dir='ltr'>gravius</span> <span class='ocrx_word' id='word_1_108' title='bbox 492 1175 793 1228; x_wconf 80' lang='lat' dir='ltr'>argumentum</span> <span class='ocrx_word' id='word_1_109' title='bbox 827 1173 923 1213; x_wconf 88' lang='lat' dir='ltr'>inde</span> <span class='ocrx_word' id='word_1_110' title='bbox 958 1172 1236 1226; x_wconf 85' lang='lat' dir='ltr'>repetendum</span> <span class='ocrx_word' id='word_1_111' title='bbox 1270 1185 1362 1212; x_wconf 89' lang='lat' dir='ltr'>esse</span> <span class='ocrx_word' id='word_1_112' title='bbox 1395 1185 1560 1224; x_wconf 80' lang='lat' dir='ltr'>censeo,</span> <span class='ocrx_word' id='word_1_113' title='bbox 1593 1171 1705 1224; x_wconf 89' lang='lat' dir='ltr'>quod</span> <span class='ocrx_word' id='word_1_114' title='bbox 1739 1170 1813 1225; x_wconf 89' lang='lat' dir='ltr'>qui</span> 
     </span>
     <span class='ocr_line' id='line_1_15' title="bbox 287 1242 1814 1296; baseline -0.003 -10"><span class='ocrx_word' id='word_1_115' title='bbox 287 1245 470 1286; x_wconf 79' lang='lat' dir='ltr'>maxime</span> <span class='ocrx_word' id='word_1_116' title='bbox 510 1244 778 1285; x_wconf 86' lang='lat' dir='ltr'>coniecturae</span> <span class='ocrx_word' id='word_1_117' title='bbox 811 1242 954 1284; x_wconf 86' lang='lat' dir='ltr'>favere</span> <span class='ocrx_word' id='word_1_118' title='bbox 993 1243 1222 1284; x_wconf 80' lang='lat' dir='ltr'>videantur</span> <span class='ocrx_word' id='word_1_119' title='bbox 1255 1242 1349 1294; x_wconf 86' lang='lat' dir='ltr'>loci,</span> <span class='ocrx_word' id='word_1_120' title='bbox 1392 1242 1520 1283; x_wconf 88' lang='lat' dir='ltr'>aliam</span> <span class='ocrx_word' id='word_1_121' title='bbox 1554 1242 1697 1296; x_wconf 90' lang='lat' dir='ltr'>potius</span> <span class='ocrx_word' id='word_1_122' title='bbox 1730 1256 1814 1282; x_wconf 88' lang='lat' dir='ltr'>me—</span> 
     </span>
     <span class='ocr_line' id='line_1_16' title="bbox 288 1313 1368 1369; baseline -0.002 -13"><span class='ocrx_word' id='word_1_123' title='bbox 288 1316 424 1357; x_wconf 87' lang='lat' dir='ltr'>delam</span> <span class='ocrx_word' id='word_1_124' title='bbox 459 1315 715 1369; x_wconf 85' lang='lat' dir='ltr'>efflagitant.</span> <span class='ocrx_word' id='word_1_125' title='bbox 777 1313 890 1355; x_wconf 87' lang='lat' dir='ltr'>Nam</span> <span class='ocrx_word' id='word_1_126' title='bbox 922 1315 1061 1368; x_wconf 87' lang='lat' dir='ltr'>primo</span> <span class='ocrx_word' id='word_1_127' title='bbox 1096 1314 1189 1355; x_wconf 94' lang='grc'>1000</span> <span class='ocrx_word' id='word_1_128' title='bbox 1223 1329 1259 1355; x_wconf 85' lang='lat' dir='ltr'>v.</span> <span class='ocrx_word' id='word_1_129' title='bbox 1293 1314 1368 1354; x_wconf 75' lang='lat'>26:</span> 
     </span>
    </p>

    <p class='ocr_par' dir='ltr' id='par_1_3' title="bbox 500 1382 1529 1440">
     <span class='ocr_line' id='line_1_17' title="bbox 500 1382 1529 1440; baseline -0.003 -13"><span class='ocrx_word' id='word_1_130' title='bbox 500 1386 740 1440; x_wconf 86' lang='lat' dir='ltr'>Postquam</span> <span class='ocrx_word' id='word_1_131' title='bbox 774 1386 1034 1439; x_wconf 81' lang='lat' dir='ltr'>belligerant</span> <span class='ocrx_word' id='word_1_132' title='bbox 1066 1384 1211 1425; x_wconf 79' lang='lat' dir='ltr'>Aetoli</span> <span class='ocrx_word' id='word_1_133' title='bbox 1237 1399 1333 1426; x_wconf 85' lang='lat' dir='ltr'>cum</span> <span class='ocrx_word' id='word_1_134' title='bbox 1361 1382 1366 1440; x_wconf 81' lang='grc' dir='ltr'>Ι</span> <span class='ocrx_word' id='word_1_135' title='bbox 1396 1383 1529 1437; x_wconf 82' lang='lat' dir='ltr'>Aleis,</span> 
     </span>
    </p>

    <p class='ocr_par' dir='ltr' id='par_1_4' title="bbox 499 1455 1382 1510">
     <span class='ocr_line' id='line_1_18' title="bbox 499 1455 1382 1510; baseline -0.003 -12"><span class='ocrx_word' id='word_1_136' title='bbox 499 1457 560 1498; x_wconf 91' lang='lat' dir='ltr'>Vt</span> <span class='ocrx_word' id='word_1_137' title='bbox 591 1458 640 1498; x_wconf 89' lang='lat' dir='ltr'>fit</span> <span class='ocrx_word' id='word_1_138' title='bbox 671 1457 715 1497; x_wconf 90' lang='lat' dir='ltr'>in</span> <span class='ocrx_word' id='word_1_139' title='bbox 748 1457 876 1509; x_wconf 86' lang='lat' dir='ltr'>bello,</span> <span class='ocrx_word' id='word_1_140' title='bbox 911 1456 1078 1510; x_wconf 86' lang='lat' dir='ltr'>capitur</span> <span class='ocrx_word' id='word_1_141' title='bbox 1111 1456 1219 1496; x_wconf 87' lang='lat' dir='ltr'>alter</span> <span class='ocrx_word' id='word_1_142' title='bbox 1252 1455 1382 1496; x_wconf 85' lang='lat' dir='ltr'>filius:</span> 
     </span>
    </p>

    <p class='ocr_par' dir='ltr' id='par_1_5' title="bbox 288 1526 1818 1925">
     <span class='ocr_line' id='line_1_19' title="bbox 500 1526 1556 1580; baseline -0.003 -11"><span class='ocrx_word' id='word_1_143' title='bbox 500 1528 693 1569; x_wconf 89' lang='lat' dir='ltr'>Medicus</span> <span class='ocrx_word' id='word_1_144' title='bbox 726 1527 981 1569; x_wconf 78' lang='lat' dir='ltr'>Menarchus</span> <span class='ocrx_word' id='word_1_145' title='bbox 1016 1527 1119 1568; x_wconf 88' lang='lat' dir='ltr'>emit</span> <span class='ocrx_word' id='word_1_146' title='bbox 1151 1527 1308 1567; x_wconf 86' lang='lat' dir='ltr'>ibidem</span> <span class='ocrx_word' id='word_1_147' title='bbox 1343 1527 1387 1567; x_wconf 89' lang='lat' dir='ltr'>in</span> <span class='ocrx_word' id='word_1_148' title='bbox 1420 1526 1556 1580; x_wconf 82' lang='lat' dir='ltr'>Alide⁷</span> 
     </span>
     <span class='ocr_line' id='line_1_20' title="bbox 289 1597 1816 1654; baseline -0.002 -14"><span class='ocrx_word' id='word_1_149' title='bbox 289 1600 400 1654; x_wconf 86' lang='lat' dir='ltr'>quod</span> <span class='ocrx_word' id='word_1_150' title='bbox 442 1601 634 1654; x_wconf 85' lang='lat' dir='ltr'>sequitur</span> <span class='ocrx_word' id='word_1_151' title='bbox 673 1599 818 1640; x_wconf 66' lang='lat' dir='ltr'>ibidem</span> <span class='ocrx_word' id='word_1_152' title='bbox 863 1614 951 1640; x_wconf 89' lang='lat' dir='ltr'>non</span> <span class='ocrx_word' id='word_1_153' title='bbox 990 1598 1121 1639; x_wconf 90' lang='lat' dir='ltr'>habet</span> <span class='ocrx_word' id='word_1_154' title='bbox 1161 1613 1243 1651; x_wconf 89' lang='lat' dir='ltr'>quo</span> <span class='ocrx_word' id='word_1_155' title='bbox 1288 1597 1518 1650; x_wconf 85' lang='lat' dir='ltr'>referatur,</span> <span class='ocrx_word' id='word_1_156' title='bbox 1562 1597 1645 1637; x_wconf 87' lang='lat' dir='ltr'>nisi</span> <span class='ocrx_word' id='word_1_157' title='bbox 1690 1598 1816 1637; x_wconf 88' lang='lat' dir='ltr'>antea</span> 
     </span>
     <span class='ocr_line' id='line_1_21' title="bbox 288 1657 1815 1726; baseline -0.003 -14"><span class='ocrx_word' id='word_1_158' title='bbox 288 1657 460 1726; x_wconf 81' lang='lat' dir='ltr'>praeter</span> <span class='ocrx_word' id='word_1_159' title='bbox 492 1671 674 1724; x_wconf 88' lang='lat' dir='ltr'>populos</span> <span class='ocrx_word' id='word_1_160' title='bbox 707 1670 1010 1724; x_wconf 77' lang='lat' dir='ltr'>belligerantes</span> <span class='ocrx_word' id='word_1_161' title='bbox 1043 1670 1161 1710; x_wconf 89' lang='lat' dir='ltr'>locus</span> <span class='ocrx_word' id='word_1_162' title='bbox 1205 1669 1278 1709; x_wconf 86' lang='lat' dir='ltr'>ubi</span> <span class='ocrx_word' id='word_1_163' title='bbox 1310 1669 1472 1710; x_wconf 89' lang='lat' dir='ltr'>bellum</span> <span class='ocrx_word' id='word_1_164' title='bbox 1507 1670 1679 1723; x_wconf 86' lang='lat' dir='ltr'>geratur</span> <span class='ocrx_word' id='word_1_165' title='bbox 1709 1667 1815 1708; x_wconf 86' lang='lat' dir='ltr'>indi-</span> 
     </span>
     <span class='ocr_line' id='line_1_22' title="bbox 289 1738 1818 1795; baseline -0.002 -13"><span class='ocrx_word' id='word_1_166' title='bbox 289 1744 424 1782; x_wconf 84' lang='lat' dir='ltr'>cetur:</span> <span class='ocrx_word' id='word_1_167' title='bbox 453 1756 577 1795; x_wconf 88' lang='lat' dir='ltr'>quem</span> <span class='ocrx_word' id='word_1_168' title='bbox 604 1741 904 1794; x_wconf 80' lang='lat' dir='ltr'>nanciscimur,</span> <span class='ocrx_word' id='word_1_169' title='bbox 932 1742 967 1781; x_wconf 90' lang='lat' dir='ltr'>si</span> <span class='ocrx_word' id='word_1_170' title='bbox 995 1742 1293 1795; x_wconf 87' lang='lat' dir='ltr'>supplemento</span> <span class='ocrx_word' id='word_1_171' title='bbox 1315 1739 1535 1781; x_wconf 81' lang='lat' dir='ltr'>lenissimo</span> <span class='ocrx_word' id='word_1_172' title='bbox 1556 1741 1655 1792; x_wconf 82' lang='lat' dir='ltr'>post</span> <span class='ocrx_word' id='word_1_173' title='bbox 1680 1738 1818 1779; x_wconf 71' lang='lat' dir='ltr'>Aetoli</span> 
     </span>
     <span class='ocr_line' id='line_1_23' title="bbox 289 1809 1816 1853; baseline -0.002 0"><span class='ocrx_word' id='word_1_174' title='bbox 289 1813 496 1853; x_wconf 87' lang='lat' dir='ltr'>sumimus</span> <span class='ocrx_word' id='word_1_175' title='bbox 528 1813 593 1853; x_wconf 61' lang='lat' dir='ltr'>ilbi</span> <span class='ocrx_word' id='word_1_176' title='bbox 624 1812 904 1853; x_wconf 82' lang='lat' dir='ltr'>intercidisse.</span> <span class='ocrx_word' id='word_1_177' title='bbox 955 1811 1072 1852; x_wconf 85' lang='lat' dir='ltr'>Idem</span> <span class='ocrx_word' id='word_1_178' title='bbox 1106 1826 1205 1852; x_wconf 83' lang='lat' dir='ltr'>vero</span> <span class='ocrx_word' id='word_1_179' title='bbox 1239 1811 1352 1852; x_wconf 85' lang='lat' dir='ltr'>cadit</span> <span class='ocrx_word' id='word_1_180' title='bbox 1383 1810 1427 1850; x_wconf 89' lang='lat' dir='ltr'>in</span> <span class='ocrx_word' id='word_1_181' title='bbox 1459 1811 1642 1851; x_wconf 88' lang='lat' dir='ltr'>alterum</span> <span class='ocrx_word' id='word_1_182' title='bbox 1675 1809 1816 1851; x_wconf 88' lang='lat' dir='ltr'>locum</span> 
     </span>
     <span class='ocr_line' id='line_1_24' title="bbox 289 1883 436 1925; baseline -0.007 0"><span class='ocrx_word' id='word_1_183' title='bbox 289 1899 327 1925; x_wconf 83' lang='lat' dir='ltr'>v.</span> <span class='ocrx_word' id='word_1_184' title='bbox 360 1883 436 1925; x_wconf 80' lang='lat'>93:</span> 
     </span>
    </p>

    <p class='ocr_par' dir='ltr' id='par_1_6' title="bbox 573 1952 1573 2007">
     <span class='ocr_line' id='line_1_25' title="bbox 573 1952 1573 2007; baseline -0.002 -12"><span class='ocrx_word' id='word_1_185' title='bbox 573 1954 640 1995; x_wconf 91' lang='lat' dir='ltr'>Ita</span> <span class='ocrx_word' id='word_1_186' title='bbox 670 1968 782 1995; x_wconf 89' lang='lat' dir='ltr'>nunc</span> <span class='ocrx_word' id='word_1_187' title='bbox 814 1954 1071 2007; x_wconf 87' lang='lat' dir='ltr'>belligerant</span> <span class='ocrx_word' id='word_1_188' title='bbox 1106 1953 1247 1994; x_wconf 85' lang='lat' dir='ltr'>Aetoli</span> <span class='ocrx_word' id='word_1_189' title='bbox 1282 1967 1376 1994; x_wconf 86' lang='lat' dir='ltr'>cum</span> <span class='ocrx_word' id='word_1_190' title='bbox 1406 1952 1410 2006; x_wconf 83' lang='grc' dir='ltr'>Ι</span> <span class='ocrx_word' id='word_1_191' title='bbox 1443 1952 1573 2006; x_wconf 84' lang='lat' dir='ltr'>Aleis,</span> 
     </span>
    </p>

    <p class='ocr_par' dir='ltr' id='par_1_7' title="bbox 290 2022 1816 2150">
     <span class='ocr_line' id='line_1_26' title="bbox 290 2022 1816 2080; baseline -0.003 -14"><span class='ocrx_word' id='word_1_192' title='bbox 290 2026 362 2067; x_wconf 92' lang='lat' dir='ltr'>ubi</span> <span class='ocrx_word' id='word_1_193' title='bbox 396 2040 505 2080; x_wconf 88' lang='lat' dir='ltr'>quae</span> <span class='ocrx_word' id='word_1_194' title='bbox 539 2028 739 2066; x_wconf 89' lang='lat' dir='ltr'>secuntur</span> <span class='ocrx_word' id='word_1_195' title='bbox 766 2025 891 2066; x_wconf 80' lang='lat' dir='ltr'>Nam</span> <span class='ocrx_word' id='word_1_196' title='bbox 916 2025 1082 2066; x_wconf 72' lang='lat' dir='ltr'>Aetolia</span> <span class='ocrx_word' id='word_1_197' title='bbox 1113 2024 1209 2065; x_wconf 75' lang='lat' dir='ltr'>haec</span> <span class='ocrx_word' id='word_1_198' title='bbox 1239 2027 1297 2065; x_wconf 70' lang='lat' dir='ltr'>est</span> <span class='ocrx_word' id='word_1_199' title='bbox 1327 2024 1431 2064; x_wconf 90' lang='lat' dir='ltr'>item</span> <span class='ocrx_word' id='word_1_200' title='bbox 1458 2024 1568 2064; x_wconf 87' lang='lat' dir='ltr'>male</span> <span class='ocrx_word' id='word_1_201' title='bbox 1602 2022 1816 2076; x_wconf 84' lang='lat' dir='ltr'>adplican-</span> 
     </span>
     <span class='ocr_line' id='line_1_27' title="bbox 290 2091 1816 2150; baseline -0.003 -13"><span class='ocrx_word' id='word_1_202' title='bbox 290 2099 372 2149; x_wconf 84' lang='lat' dir='ltr'>tur,</span> <span class='ocrx_word' id='word_1_203' title='bbox 403 2096 488 2137; x_wconf 88' lang='lat' dir='ltr'>nisi</span> <span class='ocrx_word' id='word_1_204' title='bbox 519 2097 564 2137; x_wconf 90' lang='lat' dir='ltr'>in</span> <span class='ocrx_word' id='word_1_205' title='bbox 594 2097 714 2137; x_wconf 88' lang='lat' dir='ltr'>Alide</span> <span class='ocrx_word' id='word_1_206' title='bbox 748 2096 907 2137; x_wconf 87' lang='lat' dir='ltr'>bellum</span> <span class='ocrx_word' id='word_1_207' title='bbox 940 2095 1102 2136; x_wconf 82' lang='lat' dir='ltr'>versari</span> <span class='ocrx_word' id='word_1_208' title='bbox 1136 2095 1424 2150; x_wconf 87' lang='lat' dir='ltr'>significatum</span> <span class='ocrx_word' id='word_1_209' title='bbox 1458 2091 1599 2148; x_wconf 53' lang='lat' dir='ltr'>sitssss).</span> <span class='ocrx_word' id='word_1_210' title='bbox 1648 2093 1739 2134; x_wconf 88' lang='lat' dir='ltr'>Iam</span> <span class='ocrx_word' id='word_1_211' title='bbox 1773 2093 1816 2133; x_wconf 92' lang='lat' dir='ltr'>in</span> 
     </span>
    </p>
   </div>
   <div class='ocr_carea' id='block_1_3' title="bbox 291 2214 1847 3007">
    <p class='ocr_par' dir='ltr' id='par_1_8' title="bbox 291 2214 1817 2425">
     <span class='ocr_line' id='line_1_28' title="bbox 385 2214 1816 2263; baseline -0.003 -9"><span class='ocrx_word' id='word_1_212' title='bbox 385 2219 419 2263; x_wconf 68' lang='lat'>⁷¹⁶)</span> <span class='ocrx_word' id='word_1_213' title='bbox 445 2220 542 2254; x_wconf 87' lang='lat' dir='ltr'>Nam</span> <span class='ocrx_word' id='word_1_214' title='bbox 569 2232 601 2253; x_wconf 88' lang='lat' dir='ltr'>v.</span> <span class='ocrx_word' id='word_1_215' title='bbox 630 2223 672 2253; x_wconf 85' lang='lat'>59</span> <span class='ocrx_word' id='word_1_216' title='bbox 707 2218 843 2253; x_wconf 83' lang='lat' dir='ltr'>codicis</span> <span class='ocrx_word' id='word_1_217' title='bbox 874 2217 1074 2262; x_wconf 83' lang='lat' dir='ltr'>vestigium</span> <span class='ocrx_word' id='word_1_218' title='bbox 1107 2216 1293 2251; x_wconf 84' lang='lat' dir='ltr'>immerito</span> <span class='ocrx_word' id='word_1_219' title='bbox 1327 2215 1494 2260; x_wconf 76' lang='lat' dir='ltr'>neglexit</span> <span class='ocrx_word' id='word_1_220' title='bbox 1520 2214 1757 2260; x_wconf 82' lang='lat' dir='ltr'>Spengelius,</span> <span class='ocrx_word' id='word_1_221' title='bbox 1783 2227 1816 2249; x_wconf 86' lang='lat' dir='ltr'>v.</span> 
     </span>
     <span class='ocr_line' id='line_1_29' title="bbox 291 2267 1817 2316; baseline -0.003 -9"><span class='ocrx_word' id='word_1_222' title='bbox 291 2276 357 2307; x_wconf 82' lang='lat'>881</span> <span class='ocrx_word' id='word_1_223' title='bbox 381 2272 605 2307; x_wconf 71' lang='lat' dir='ltr'>Validensem</span> <span class='ocrx_word' id='word_1_224' title='bbox 632 2272 795 2306; x_wconf 84' lang='lat' dir='ltr'>scribens</span> <span class='ocrx_word' id='word_1_225' title='bbox 822 2282 888 2316; x_wconf 77' lang='lat' dir='ltr'>pro</span> <span class='ocrx_word' id='word_1_226' title='bbox 909 2272 1012 2305; x_wconf 73' lang='lat' dir='ltr'>illum</span> <span class='ocrx_word' id='word_1_227' title='bbox 1033 2271 1240 2305; x_wconf 65' lang='lat' dir='ltr'>Alidensem</span> <span class='ocrx_word' id='word_1_228' title='bbox 1261 2280 1465 2314; x_wconf 85' lang='lat' dir='ltr'>pronomen</span> <span class='ocrx_word' id='word_1_229' title='bbox 1491 2269 1650 2303; x_wconf 82' lang='lat' dir='ltr'>removit</span> <span class='ocrx_word' id='word_1_230' title='bbox 1669 2267 1817 2313; x_wconf 83' lang='lat' dir='ltr'>aptissi-</span> 
     </span>
     <span class='ocr_line' id='line_1_30' title="bbox 291 2323 1816 2369; baseline -0.003 -10"><span class='ocrx_word' id='word_1_231' title='bbox 291 2337 401 2361; x_wconf 85' lang='lat' dir='ltr'>mum.</span> <span class='ocrx_word' id='word_1_232' title='bbox 430 2326 552 2360; x_wconf 89' lang='lat' dir='ltr'>Minus</span> <span class='ocrx_word' id='word_1_233' title='bbox 580 2326 678 2359; x_wconf 78' lang='lat' dir='ltr'>recte</span> <span class='ocrx_word' id='word_1_234' title='bbox 707 2324 904 2369; x_wconf 82' lang='lat' dir='ltr'>Seyffertus</span> <span class='ocrx_word' id='word_1_235' title='bbox 931 2325 1082 2358; x_wconf 75' lang='lat' dir='ltr'>tertium</span> <span class='ocrx_word' id='word_1_236' title='bbox 1110 2324 1231 2357; x_wconf 88' lang='lat' dir='ltr'>locum</span> <span class='ocrx_word' id='word_1_237' title='bbox 1259 2325 1306 2368; x_wconf 83' lang='lat' dir='ltr'>(v.</span> <span class='ocrx_word' id='word_1_238' title='bbox 1323 2326 1381 2368; x_wconf 70' lang='lat'>94)</span> <span class='ocrx_word' id='word_1_239' title='bbox 1411 2324 1480 2357; x_wconf 89' lang='grc'>1100</span> <span class='ocrx_word' id='word_1_240' title='bbox 1501 2323 1615 2357; x_wconf 80' lang='lat' dir='ltr'>traxit</span> <span class='ocrx_word' id='word_1_241' title='bbox 1636 2324 1816 2366; x_wconf 84' lang='lat' dir='ltr'>tanquam</span> 
     </span>
     <span class='ocr_line' id='line_1_31' title="bbox 291 2378 702 2425; baseline 0.005 -13"><span class='ocrx_word' id='word_1_242' title='bbox 291 2378 369 2414; x_wconf 82' lang='lat' dir='ltr'>sine</span> <span class='ocrx_word' id='word_1_243' title='bbox 394 2379 493 2425; x_wconf 41' lang='lat' dir='ltr'>vitio‘</span> <span class='ocrx_word' id='word_1_244' title='bbox 512 2378 702 2414; x_wconf 83' lang='lat' dir='ltr'>traditum.</span> 
     </span>
    </p>

    <p class='ocr_par' dir='ltr' id='par_1_9' title="bbox 292 2427 1847 3007">
     <span class='ocr_line' id='line_1_32' title="bbox 389 2427 1817 2477; baseline -0.004 -11"><span class='ocrx_word' id='word_1_245' title='bbox 389 2432 445 2477; x_wconf 71' lang='lat'>**)</span> <span class='ocrx_word' id='word_1_246' title='bbox 472 2432 549 2466; x_wconf 86' lang='lat' dir='ltr'>Iam</span> <span class='ocrx_word' id='word_1_247' title='bbox 575 2432 691 2476; x_wconf 81' lang='lat' dir='ltr'>igitur</span> <span class='ocrx_word' id='word_1_248' title='bbox 722 2443 766 2466; x_wconf 84' lang='lat' dir='ltr'>ex</span> <span class='ocrx_word' id='word_1_249' title='bbox 792 2432 875 2476; x_wconf 81' lang='lat' dir='ltr'>ipsa</span> <span class='ocrx_word' id='word_1_250' title='bbox 905 2431 959 2464; x_wconf 86' lang='lat' dir='ltr'>rei</span> <span class='ocrx_word' id='word_1_251' title='bbox 984 2431 1128 2465; x_wconf 82' lang='lat' dir='ltr'>ratione</span> <span class='ocrx_word' id='word_1_252' title='bbox 1155 2429 1369 2475; x_wconf 82' lang='lat' dir='ltr'>intellegas,</span> <span class='ocrx_word' id='word_1_253' title='bbox 1403 2440 1565 2473; x_wconf 80' lang='lat' dir='ltr'>quonam</span> <span class='ocrx_word' id='word_1_254' title='bbox 1597 2429 1674 2462; x_wconf 88' lang='lat' dir='ltr'>iure</span> <span class='ocrx_word' id='word_1_255' title='bbox 1708 2427 1817 2462; x_wconf 87' lang='lat' dir='ltr'>multi</span> 
     </span>
     <span class='ocr_line' id='line_1_33' title="bbox 294 2474 1847 2529; baseline -0.002 -10"><span class='ocrx_word' id='word_1_256' title='bbox 294 2486 332 2519; x_wconf 88' lang='lat' dir='ltr'>et</span> <span class='ocrx_word' id='word_1_257' title='bbox 357 2484 436 2529; x_wconf 88' lang='lat' dir='ltr'>ipse</span> <span class='ocrx_word' id='word_1_258' title='bbox 463 2484 552 2518; x_wconf 88' lang='lat' dir='ltr'>olim</span> <span class='ocrx_word' id='word_1_259' title='bbox 575 2485 795 2529; x_wconf 82' lang='lat' dir='ltr'>Spengelius</span> <span class='ocrx_word' id='word_1_260' title='bbox 822 2485 889 2519; x_wconf 86' lang='lat' dir='ltr'>hos</span> <span class='ocrx_word' id='word_1_261' title='bbox 915 2484 1016 2518; x_wconf 87' lang='lat' dir='ltr'>locos</span> <span class='ocrx_word' id='word_1_262' title='bbox 1044 2495 1121 2517; x_wconf 83' lang='lat' dir='ltr'>seso</span> <span class='ocrx_word' id='word_1_263' title='bbox 1148 2482 1307 2517; x_wconf 85' lang='lat' dir='ltr'>invicem</span> <span class='ocrx_word' id='word_1_264' title='bbox 1334 2483 1429 2519; x_wconf 80' lang='lat' dir='ltr'>tueri</span> <span class='ocrx_word' id='word_1_265' title='bbox 1449 2481 1655 2515; x_wconf 83' lang='lat' dir='ltr'>clamarint.</span> <span class='ocrx_word' id='word_1_266' title='bbox 1687 2480 1816 2526; x_wconf 80' lang='lat' dir='ltr'>Neque</span> <span class='ocrx_word' id='word_1_267' title='bbox 1841 2474 1847 2477; x_wconf 17' lang='grc' dir='ltr'>ἡ</span> 
     </span>
     <span class='ocr_line' id='line_1_34' title="bbox 294 2534 1818 2582; baseline -0.003 -10"><span class='ocrx_word' id='word_1_268' title='bbox 294 2538 391 2572; x_wconf 82' lang='grc'>0111111</span> <span class='ocrx_word' id='word_1_269' title='bbox 416 2537 606 2572; x_wconf 83' lang='lat' dir='ltr'>Bentlcius</span> <span class='ocrx_word' id='word_1_270' title='bbox 633 2538 722 2572; x_wconf 82' lang='lat' dir='ltr'>satis</span> <span class='ocrx_word' id='word_1_271' title='bbox 749 2548 878 2572; x_wconf 83' lang='lat' dir='ltr'>cavere</span> <span class='ocrx_word' id='word_1_272' title='bbox 905 2537 1046 2582; x_wconf 85' lang='lat' dir='ltr'>potuit,</span> <span class='ocrx_word' id='word_1_273' title='bbox 1081 2547 1126 2570; x_wconf 88' lang='grc'>110</span> <span class='ocrx_word' id='word_1_274' title='bbox 1156 2536 1234 2569; x_wconf 87' lang='lat' dir='ltr'>‘uni</span> <span class='ocrx_word' id='word_1_275' title='bbox 1260 2536 1343 2570; x_wconf 88' lang='lat' dir='ltr'>loco</span> <span class='ocrx_word' id='word_1_276' title='bbox 1370 2534 1433 2578; x_wconf 87' lang='lat' dir='ltr'>qui</span> <span class='ocrx_word' id='word_1_277' title='bbox 1461 2534 1710 2568; x_wconf 75' lang='lat' dir='ltr'>emendandus</span> <span class='ocrx_word' id='word_1_278' title='bbox 1737 2535 1818 2568; x_wconf 81' lang='lat' dir='ltr'>erat</span> 
     </span>
     <span class='ocr_line' id='line_1_35' title="bbox 292 2587 1814 2635; baseline -0.004 -9"><span class='ocrx_word' id='word_1_279' title='bbox 292 2603 336 2626; x_wconf 83' lang='lat' dir='ltr'>ex</span> <span class='ocrx_word' id='word_1_280' title='bbox 369 2591 485 2626; x_wconf 88' lang='lat' dir='ltr'>altero</span> <span class='ocrx_word' id='word_1_281' title='bbox 525 2602 640 2635; x_wconf 84' lang='lat' dir='ltr'>aequo</span> <span class='ocrx_word' id='word_1_282' title='bbox 679 2592 855 2626; x_wconf 80' lang='lat' dir='ltr'>mendoso</span> <span class='ocrx_word' id='word_1_283' title='bbox 894 2589 1143 2635; x_wconf 82' lang='lat' dir='ltr'>patrocinium</span> <span class='ocrx_word' id='word_1_284' title='bbox 1182 2588 1449 2632; x_wconf 81' lang='lat' dir='ltr'>quaereretur’.</span> <span class='ocrx_word' id='word_1_285' title='bbox 1508 2589 1628 2631; x_wconf 88' lang='lat' dir='ltr'>Atque</span> <span class='ocrx_word' id='word_1_286' title='bbox 1663 2587 1708 2621; x_wconf 85' lang='lat' dir='ltr'>de</span> <span class='ocrx_word' id='word_1_287' title='bbox 1740 2587 1814 2621; x_wconf 84' lang='lat' dir='ltr'>illis</span> 
     </span>
     <span class='ocr_line' id='line_1_36' title="bbox 292 2639 1814 2688; baseline -0.004 -8"><span class='ocrx_word' id='word_1_288' title='bbox 292 2644 456 2680; x_wconf 83' lang='lat' dir='ltr'>versibus</span> <span class='ocrx_word' id='word_1_289' title='bbox 483 2644 706 2679; x_wconf 84' lang='lat' dir='ltr'>senteutiam</span> <span class='ocrx_word' id='word_1_290' title='bbox 733 2644 873 2679; x_wconf 77' lang='lat' dir='ltr'>recoxit</span> <span class='ocrx_word' id='word_1_291' title='bbox 897 2655 1014 2688; x_wconf 86' lang='lat' dir='ltr'>nuper</span> <span class='ocrx_word' id='word_1_292' title='bbox 1042 2641 1198 2676; x_wconf 76' lang='lat' dir='ltr'>Vahlcui</span> <span class='ocrx_word' id='word_1_293' title='bbox 1225 2641 1429 2685; x_wconf 81' lang='lat' dir='ltr'>discipulus</span> <span class='ocrx_word' id='word_1_294' title='bbox 1459 2640 1585 2674; x_wconf 81' lang='lat' dir='ltr'>Ericus</span> <span class='ocrx_word' id='word_1_295' title='bbox 1617 2639 1742 2674; x_wconf 84' lang='lat' dir='ltr'>Below</span> <span class='ocrx_word' id='word_1_296' title='bbox 1769 2640 1814 2674; x_wconf 78' lang='lat' dir='ltr'>de</span> 
     </span>
     <span class='ocr_line' id='line_1_37' title="bbox 293 2691 1816 2741; baseline -0.004 -9"><span class='ocrx_word' id='word_1_297' title='bbox 293 2698 399 2732; x_wconf 87' lang='lat' dir='ltr'>hiatu</span> <span class='ocrx_word' id='word_1_298' title='bbox 435 2697 608 2733; x_wconf 87' lang='lat' dir='ltr'>Plautino</span> <span class='ocrx_word' id='word_1_299' title='bbox 645 2700 783 2741; x_wconf 85' lang='lat' dir='ltr'>quaest.</span> <span class='ocrx_word' id='word_1_300' title='bbox 819 2698 874 2732; x_wconf 81' lang='lat' dir='ltr'>cd.</span> <span class='ocrx_word' id='word_1_301' title='bbox 904 2696 1021 2732; x_wconf 78' lang='lat' dir='ltr'>sserol.</span> <span class='ocrx_word' id='word_1_302' title='bbox 1050 2706 1081 2729; x_wconf 83' lang='lat' dir='ltr'>a.</span> <span class='ocrx_word' id='word_1_303' title='bbox 1112 2697 1201 2728; x_wconf 85' lang='grc'>1885</span> <span class='ocrx_word' id='word_1_304' title='bbox 1230 2706 1262 2738; x_wconf 86' lang='lat' dir='ltr'>p.</span> <span class='ocrx_word' id='word_1_305' title='bbox 1290 2698 1352 2728; x_wconf 76' lang='lat'>22:</span> <span class='ocrx_word' id='word_1_306' title='bbox 1392 2706 1499 2738; x_wconf 78' lang='lat' dir='ltr'>quem</span> <span class='ocrx_word' id='word_1_307' title='bbox 1535 2704 1602 2737; x_wconf 83' lang='lat' dir='ltr'>par</span> <span class='ocrx_word' id='word_1_308' title='bbox 1638 2691 1709 2727; x_wconf 85' lang='lat' dir='ltr'>erit</span> <span class='ocrx_word' id='word_1_309' title='bbox 1743 2704 1816 2727; x_wconf 88' lang='lat' dir='ltr'>non</span> 
     </span>
     <span class='ocr_line' id='line_1_38' title="bbox 293 2745 1816 2791; baseline -0.004 -5"><span class='ocrx_word' id='word_1_310' title='bbox 293 2752 413 2786; x_wconf 89' lang='lat' dir='ltr'>minus</span> <span class='ocrx_word' id='word_1_311' title='bbox 446 2751 569 2786; x_wconf 82' lang='lat' dir='ltr'>firmos</span> <span class='ocrx_word' id='word_1_312' title='bbox 602 2751 737 2785; x_wconf 87' lang='lat' dir='ltr'>habere</span> <span class='ocrx_word' id='word_1_313' title='bbox 769 2762 895 2785; x_wconf 84' lang='lat' dir='ltr'>versus</span> <span class='ocrx_word' id='word_1_314' title='bbox 922 2754 966 2784; x_wconf 79' lang='lat'>34</span> <span class='ocrx_word' id='word_1_315' title='bbox 999 2750 1036 2783; x_wconf 90' lang='lat' dir='ltr'>et</span> <span class='ocrx_word' id='word_1_316' title='bbox 1065 2751 1126 2781; x_wconf 86' lang='lat'>111</span> <span class='ocrx_word' id='word_1_317' title='bbox 1161 2747 1259 2780; x_wconf 86' lang='lat' dir='ltr'>inter</span> <span class='ocrx_word' id='word_1_318' title='bbox 1285 2758 1321 2781; x_wconf 88' lang='lat' dir='ltr'>se</span> <span class='ocrx_word' id='word_1_319' title='bbox 1357 2748 1603 2791; x_wconf 80' lang='lat' dir='ltr'>comparatos,</span> <span class='ocrx_word' id='word_1_320' title='bbox 1639 2745 1703 2779; x_wconf 87' lang='lat' dir='ltr'>ubi</span> <span class='ocrx_word' id='word_1_321' title='bbox 1729 2756 1816 2780; x_wconf 84' lang='lat' dir='ltr'>sane</span> 
     </span>
     <span class='ocr_line' id='line_1_39' title="bbox 295 2798 1816 2849; baseline -0.004 -11"><span class='ocrx_word' id='word_1_322' title='bbox 295 2816 366 2839; x_wconf 85' lang='lat' dir='ltr'>non</span> <span class='ocrx_word' id='word_1_323' title='bbox 387 2805 432 2838; x_wconf 89' lang='lat' dir='ltr'>de</span> <span class='ocrx_word' id='word_1_324' title='bbox 454 2803 559 2838; x_wconf 82' lang='lat' dir='ltr'>hiatu</span> <span class='ocrx_word' id='word_1_325' title='bbox 581 2804 715 2849; x_wconf 85' lang='lat' dir='ltr'>agitur,</span> <span class='ocrx_word' id='word_1_326' title='bbox 736 2804 799 2838; x_wconf 84' lang='lat' dir='ltr'>sed</span> <span class='ocrx_word' id='word_1_327' title='bbox 821 2803 865 2838; x_wconf 86' lang='lat' dir='ltr'>de</span> <span class='ocrx_word' id='word_1_328' title='bbox 892 2802 1042 2837; x_wconf 82' lang='lat' dir='ltr'>senariis</span> <span class='ocrx_word' id='word_1_329' title='bbox 1066 2800 1319 2845; x_wconf 72' lang='lat' dir='ltr'>hyper-metris.</span> <span class='ocrx_word' id='word_1_330' title='bbox 1359 2799 1556 2834; x_wconf 79' lang='lat' dir='ltr'>Praeterea</span> <span class='ocrx_word' id='word_1_331' title='bbox 1577 2798 1816 2843; x_wconf 80' lang='lat' dir='ltr'>Speugelium</span> 
     </span>
     <span class='ocr_line' id='line_1_40' title="bbox 293 2851 1816 2898; baseline -0.003 -7"><span class='ocrx_word' id='word_1_332' title='bbox 293 2857 430 2891; x_wconf 85' lang='lat' dir='ltr'>dudum</span> <span class='ocrx_word' id='word_1_333' title='bbox 456 2857 611 2891; x_wconf 84' lang='lat' dir='ltr'>meliora</span> <span class='ocrx_word' id='word_1_334' title='bbox 643 2857 815 2891; x_wconf 87' lang='lat' dir='ltr'>edoctum</span> <span class='ocrx_word' id='word_1_335' title='bbox 848 2855 1138 2898; x_wconf 83' lang='lat' dir='ltr'>edocentcmquc</span> <span class='ocrx_word' id='word_1_336' title='bbox 1165 2856 1262 2895; x_wconf 88' lang='grc'>(011111</span> <span class='ocrx_word' id='word_1_337' title='bbox 1290 2853 1476 2897; x_wconf 81' lang='lat' dir='ltr'>Vssingio)</span> <span class='ocrx_word' id='word_1_338' title='bbox 1510 2851 1575 2885; x_wconf 84' lang='lat' dir='ltr'>ille</span> <span class='ocrx_word' id='word_1_339' title='bbox 1602 2851 1732 2886; x_wconf 87' lang='lat' dir='ltr'>ducem</span> <span class='ocrx_word' id='word_1_340' title='bbox 1760 2863 1816 2886; x_wconf 87' lang='lat' dir='ltr'>se-</span> 
     </span>
     <span class='ocr_line' id='line_1_41' title="bbox 293 2904 1810 2954; baseline -0.003 -11"><span class='ocrx_word' id='word_1_341' title='bbox 293 2910 418 2953; x_wconf 84' lang='lat' dir='ltr'>quitur</span> <span class='ocrx_word' id='word_1_342' title='bbox 443 2911 574 2944; x_wconf 85' lang='lat' dir='ltr'>eodem</span> <span class='ocrx_word' id='word_1_343' title='bbox 600 2910 727 2953; x_wconf 85' lang='lat' dir='ltr'>modo,</span> <span class='ocrx_word' id='word_1_344' title='bbox 760 2920 831 2954; x_wconf 90' lang='lat' dir='ltr'>quo</span> <span class='ocrx_word' id='word_1_345' title='bbox 859 2908 1065 2953; x_wconf 80' lang='lat' dir='ltr'>Geppertus</span> <span class='ocrx_word' id='word_1_346' title='bbox 1097 2907 1144 2940; x_wconf 84' lang='lat' dir='ltr'>ad</span> <span class='ocrx_word' id='word_1_347' title='bbox 1173 2906 1417 2951; x_wconf 82' lang='lat' dir='ltr'>Kampmanui</span> <span class='ocrx_word' id='word_1_348' title='bbox 1450 2904 1625 2940; x_wconf 82' lang='lat' dir='ltr'>tirocinia</span> <span class='ocrx_word' id='word_1_349' title='bbox 1657 2905 1704 2939; x_wconf 83' lang='lat' dir='ltr'>ab</span> <span class='ocrx_word' id='word_1_350' title='bbox 1730 2904 1810 2949; x_wconf 86' lang='lat' dir='ltr'>ipso</span> 
     </span>
     <span class='ocr_line' id='line_1_42' title="bbox 293 2957 1815 3007; baseline -0.005 -9"><span class='ocrx_word' id='word_1_351' title='bbox 293 2963 440 2998; x_wconf 81' lang='lat' dir='ltr'>abiecta</span> <span class='ocrx_word' id='word_1_352' title='bbox 471 2964 559 2998; x_wconf 90' lang='lat' dir='ltr'>olim</span> <span class='ocrx_word' id='word_1_353' title='bbox 593 2974 630 2997; x_wconf 85' lang='lat' dir='ltr'>se</span> <span class='ocrx_word' id='word_1_354' title='bbox 663 2962 936 3007; x_wconf 75' lang='lat' dir='ltr'>adplicaverat:</span> <span class='ocrx_word' id='word_1_355' title='bbox 976 2960 1071 2995; x_wconf 85' lang='lat' dir='ltr'>uude</span> <span class='ocrx_word' id='word_1_356' title='bbox 1106 2961 1203 2994; x_wconf 80' lang='lat' dir='ltr'>clare</span> <span class='ocrx_word' id='word_1_357' title='bbox 1237 2959 1493 3003; x_wconf 79' lang='lat' dir='ltr'>cognoscimus</span> <span class='ocrx_word' id='word_1_358' title='bbox 1529 2957 1711 2992; x_wconf 80' lang='lat' dir='ltr'>tironibus</span> <span class='ocrx_word' id='word_1_359' title='bbox 1739 2958 1815 2992; x_wconf 90' lang='lat' dir='ltr'>eius</span> 
     </span>
    </p>
   </div>
  </div>
 </body>
</html>
