1946 3344
769 214 1042 250 PRAEFATIO
1584 215 1672 249 XIII

220 324 280 365 Et
314 324 368 365 ob
403 339 495 365 eam
529 338 619 365 rem
650 324 695 364 in
728 325 941 366 carcerem
973 324 1044 366 ted
1078 325 1170 365 esse
1204 326 1459 377 conpactum
1493 324 1595 379 scio,

144 413 205 454 ita
244 428 280 454 v.
316 412 430 454 1044
468 411 658 454 dubitari
696 413 846 467 nequit
883 413 987 468 quin
1024 428 1075 455 ex
1112 428 1140 454 a
1179 427 1242 455 me
1282 413 1427 455 habeat
1457 413 1613 455 rectius
1647 428 1673 454 α

144 485 237 526 med
265 483 383 525 abeat
412 497 540 538 quam
573 497 600 525 a
630 497 693 524 me
723 483 842 525 abeat
871 484 964 526 fiat:

221 562 270 614 id
303 572 339 614 si
371 571 582 626 attulerit,
614 570 753 613 dicam
783 575 832 613 ut
865 587 889 613 a
922 573 1019 614 med
1052 573 1180 615 abeat
1210 573 1317 615 liber
1351 575 1434 628 qu6
1467 574 1595 616 uolet.

144 662 346 705 lnaudita
371 662 485 704 foret
510 662 807 717 pronuntiatio
833 663 921 705 zena
946 662 1080 716 opera,
1113 677 1221 717 quac
1249 677 1374 706 voces
1406 666 1495 705 tam
1528 678 1674 705 neces-

145 734 258 776 sario
285 734 397 775 inter
424 748 467 775 se
493 733 662 775 vinculo
691 733 967 776 continentur
993 737 1041 775 ut
1065 748 1278 789 nusquam
1309 749 1395 776 non
1428 736 1673 776 coalescant

145 806 192 846 in
226 805 425 859 zmo'pera:
459 819 542 860 quo
575 804 860 846 confidentius
893 804 1054 859 addito,
1086 805 1212 860 quale
1248 805 1301 846 ad
1332 805 1474 860 ipsam
1507 808 1673 848 senten-

145 877 252 918 tiam
284 876 529 932 requiritur,
561 875 814 930 pronomine
848 876 909 918 sic
942 890 1113 918 versum
1148 876 1231 918 796
1264 876 1560 919 formavimus:

236 966 438 1008 Postulas
470 965 621 1007 uiros?
655 964 756 1007 dare
787 964 855 1006 illi
886 979 972 1007 una
1004 965 1135 1020 opera
1166 980 1346 1020 pensum
1380 966 1583 1020 postules.

149 1056 271 1098 Alibi
311 1055 406 1097 vitii
446 1054 635 1109 suspicio
675 1054 845 1096 aliunde
883 1055 952 1096 vel
991 1058 1187 1097 movetur
1218 1057 1286 1097 vel
1319 1058 1520 1111 augetur,
1559 1056 1677 1097 velut

148 1143 244 1169 cum
285 1129 486 1168 accentus
524 1126 733 1181 quaedam
772 1126 973 1168 molestia
1012 1126 1187 1168 accedit.
1251 1126 1344 1176 Quo
1377 1127 1549 1168 nomine
1581 1142 1675 1169 cum

147 1199 218 1240 vix
256 1197 497 1240 tolerabilis
534 1212 572 1240 v.
605 1197 688 1239 681
734 1199 848 1238 esset
880 1197 1019 1252 qualis
1059 1197 1103 1238 in
1137 1197 1355 1239 codicibus
1389 1200 1547 1239 exstat:
1584 1198 1622 1239 T
1622 1199 1678 1240 c'bc'

145 1271 237 1313 deda·
260 1270 444 1323 equidem
468 1269 599 1320 illam,
632 1256 688 1310 ciel
708 1268 980 1323 phryyz'onem
1008 1269 1051 1310 eit
1073 1269 1212 1321 ferre's,
1238 1269 1372 1322 paul&
1394 1270 1528 1322 prius,
1562 1284 1674 1324 prae-

149 1345 267 1384 terea
293 1344 438 1383 autem
470 1355 557 1382 non
590 1341 662 1382 tibi
687 1339 834 1395 potius
862 1354 990 1394 quam
1017 1341 1109 1382 deda·
1139 1341 1360 1382 notionem
1388 1341 1550 1381 intendi
1584 1356 1675 1382 sen-

149 1413 287 1455 tentia
311 1412 458 1454 iubere
487 1412 715 1466 videretur,
747 1426 843 1454 cum
868 1410 1029 1454 Bothio
1062 1413 1339 1466 transpositis
1374 1412 1515 1454 verbis
1550 1413 1677 1454 simul

147 1485 315 1526 hiatum
349 1483 621 1526 sustulimus:

208 1572 316 1616 Dedi
350 1573 546 1629 equidem
580 1573 723 1627 illanc,
757 1572 811 1614 ad
844 1572 1088 1627 frugionem
1121 1575 1168 1614 ut
1202 1572 1348 1627 ferres,
1382 1572 1462 1614 tibi
1490 1573 1618 1627 paulo

1002 1658 1133 1699 pr1us.

150 1735 311 1778 Similis
338 1734 449 1776 ratio
476 1748 623 1777 versus
644 1735 731 1777 930
757 1735 850 1789 fuit,
882 1735 957 1777 ubi
989 1749 1084 1776 cum
1117 1734 1241 1775 hiatu
1275 1734 1501 1776 coniuncta
1534 1749 1677 1776 aceen-

148 1810 218 1849 tus
250 1822 337 1849 non
370 1806 604 1848 insolentia
636 1809 682 1848 at
714 1807 954 1849 insuavitas

353 1883 654 1950 Obdormisco,
688 1894 728 1938 si
757 1896 916 1939 resolui
951 1897 1176 1950 argentum
1211 1895 1313 1950 quoi
1346 1894 1478 1936 debeo

148 1987 193 2026 in
227 1999 379 2027 caussa
417 1984 499 2026 fuit
537 1999 611 2027 cur
650 1999 719 2040 690
758 1985 904 2028 addito
943 2000 1220 2027 numerorum
1254 1985 1494 2039 elegantiae
1528 1999 1678 2026 consu-

150 2056 324 2099 lendum
351 2058 612 2111 putaremus.
674 2056 787 2098 Item
814 2057 1015 2099 mutilum
1043 2056 1087 2098 in
1121 2057 1243 2098 libris
1277 2071 1446 2097 versum
1484 2056 1595 2097 1087
1630 2070 1680 2096 ne

151 2153 211 2194 sic
237 2152 616 2208 redintegrandum
643 2155 789 2207 putes:
822 2137 921 2194 I'zlic
951 2152 1107 2195 homost
1131 2155 1205 2193 auh
1235 2151 1487 2205 szicopkcmta
1519 2152 1592 2192 avit
1619 2166 1682 2206 (Je—

150 2225 289 2266 mimts
318 2224 453 2276 frate‘r
486 2227 599 2278 tracus,
632 2223 738 2265 satis
772 2223 928 2265 indicio
963 2238 1057 2264 esse
1091 2225 1295 2265 accentus
1328 2223 1371 2263 in
1406 2222 1558 2263 ultima
1598 2223 1681 2276 syl-

151 2296 251 2336 laba
287 2295 474 2348 yemc'nus
506 2294 622 2336 vocis
657 2295 828 2349 poterit.
862 2319 918 2324 -—
953 2293 1115 2336 Contra
1147 2294 1253 2335 haec
1287 2294 1432 2335 omnia
1466 2294 1534 2334 vix
1568 2294 1680 2347 quic-

153 2381 280 2421 quam
326 2364 491 2420 auxilii,
530 2380 612 2418 quo
655 2365 707 2406 ad
749 2365 1052 2407 removendum
1096 2365 1264 2406 hiatum
1311 2380 1406 2406 cuni
1452 2365 1594 2419 aliqua
1639 2367 1681 2405 ot

152 2438 360 2480 facilitate
404 2439 447 2478 et
486 2436 796 2491 probabilitate
836 2439 975 2490 utare,
1020 2439 1192 2491 praesto
1234 2439 1299 2477 est
1330 2435 1397 2477 his
1431 2450 1538 2490 quos
1571 2436 1679 2476 infra

154 2509 402 2563 scripsimus
436 2507 630 2549 versibus
665 2508 764 2551 399.
797 2508 894 2550 778.
930 2508 1028 2549 841.
1061 2508 1158 2550 870.
1191 2508 1289 2550 913.
1326 2508 1448 2548 1112.
1489 2508 1619 2548 1113:

213 2583 309 2654 Ego
350 2597 520 2652 quidem
559 2611 695 2651 neque
735 2599 939 2652 iimquam
974 2611 1150 2639 uxorem
1192 2596 1323 2638 habui
1355 2610 1489 2650 neque
1522 2595 1680 2636 habt-6:

1006 2682 1144 2722 neque
1177 2667 1260 2709 huc
1292 2692 1359 2709 —-.

214 2740 371 2783 Nescio
404 2739 506 2794 quid
539 2753 616 2781 uos
649 2738 815 2780 uelitati
849 2738 952 2780 estis
984 2739 1097 2780 inter
1130 2739 1207 2779 uos
1241 2738 1336 2779 duo.

216 2811 307 2854 Vae
339 2811 472 2866 capiti
503 2814 577 2852 tuo
598 2826 626 2851 ::
648 2795 758 2852 Flcce
795 2810 951 2865 Apollo
986 2812 1036 2851 ex
1069 2810 1213 2851 oraclo
1247 2810 1303 2849 mi
1339 2807 1530 2861 imperat.

216 2882 291 2925 Set
323 2883 418 2937 quis
451 2882 520 2923 hic
554 2884 619 2922 est
651 2881 723 2935 qui
757 2883 822 2922 me
855 2881 1010 2935 capillo
1046 2880 1143 2921 hinc
1175 2880 1225 2920 de
1258 2894 1383 2920 curru
1416 2878 1582 2931 deripit.

217 2953 311 2995 Non
346 2956 491 3008 potest
523 2952 629 2994 haec
661 2953 728 2993 res
762 2952 938 2994 ellebori
974 2951 1159 3006 [inguine
1193 2949 1437 3003 optinerier.
