1946 3344
0 0 33 101 nam-39*

690 188 970 225 PRAEFATIO
1542 187 1594 221 XI

67 303 201 344 fectas
233 301 369 343 videri
403 299 639 342 adnotavit.
705 297 905 340 Ceterum
937 298 964 340 f.
997 298 1222 339 ΔΗΓ-51ῙΓ
1254 295 1312 352 (v.
1339 296 1594 351 432—573)

70 371 342 415 ‘rubricator'
376 372 570 413 caeruleo
603 372 846 412 atramento
878 384 980 411 usus
1015 371 1090 411 est.

182 443 222 486 J
240 444 427 485 codicem
455 442 538 485 etsi
564 442 617 484 ob
646 441 881 483 editionum
910 440 1265 496 aequabilitatem
1292 439 1437 481 deesse
1467 440 1596 492 nolui,

65 515 326 558 inutiliorem
359 515 513 556 habeo.
577 513 718 563 Quare
751 527 848 554 cum
875 512 1044 567 plenior
1076 511 1203 553 huius
1236 511 1338 552 libri
1369 511 1518 566 imago
1551 510 1596 551 in

67 587 163 629 aliis
197 586 356 628 fabulis
390 584 582 626 exhibita
615 584 683 638 sit,
716 584 837 625 nolui
865 598 961 625 cum
995 582 1091 624 aliis
1118 583 1245 624 rebus
1271 584 1364 624 tum
1397 583 1596 623 accurate

65 658 263 700 indicatis
297 658 358 699 eis
392 671 501 712 quae
539 656 627 712 legi
658 656 746 697 iam
784 657 1000 710 nequeant
1039 668 1214 696 onerare
1255 652 1598 695 adnotationem:

71 730 142 772 sed
170 729 275 770 satis
303 728 435 770 habui
463 727 620 769 bonam
649 741 758 781 quae
784 727 957 780 praesto
985 727 1079 767 erat
1104 725 1379 767 collationem
1407 723 1600 766 Sonnen-

71 801 251 843 scheinii
278 800 359 842 viri
386 798 625 841 doctissimi
657 797 719 838 ita
747 797 961 851 adhibere,
986 799 1034 838 ut
1057 797 1266 838 nonnulla
1293 793 1600 852 omitterem*)‚

71 872 179 914 nihil
222 870 509 927 supplendum
548 884 754 911 curarem.
825 867 949 910 Nihil
987 868 1121 924 igitur
1159 868 1210 910 de
1248 869 1329 910 hoc
1368 867 1509 909 codice
1549 882 1599 908 ex

70 944 242 986 silentio
278 941 616 985 concludendum
649 943 740 982 tam
764 942 943 996 propter
973 940 1110 994 ipsius
1143 939 1245 981 libri
1271 955 1399 995 quam
1424 941 1601 993 propter

69 1015 417 1057 testimoniorum
464 1013 672 1055 defectus:
718 1012 830 1067 quod
876 1012 1007 1053 etiam
1046 1011 1096 1052 de
1133 1011 1222 1053 FZ
1252 1012 1395 1053 valere
1438 1025 1514 1065 per
1556 1024 1600 1050 se

69 1088 200 1142 patet,
234 1100 284 1127 ex
310 1085 463 1140 quibus
490 1084 536 1126 F
556 1084 745 1125 codicem
778 1099 802 1124 a
836 1082 1123 1125 bibliothecae
1151 1083 1356 1124 Paulinae
1380 1081 1599 1136 praefecto

67 1158 400 1199 honoratissimo
434 1155 672 1198 liberaliter
704 1155 787 1197 huc
819 1155 1123 1196 transmissum
1155 1153 1470 1208 Heidelbergae
1504 1168 1599 1194 con-

67 1230 176 1271 ferre
208 1229 342 1284 potui.

185 1300 278 1342 Iam
322 1315 422 1341 vero
466 1300 512 1340 in
552 1299 634 1340 hac
675 1298 826 1340 fabula
869 1298 1078 1340 accedunt
1119 1300 1290 1352 praeter
1321 1297 1509 1338 Turnebi
1552 1311 1601 1338 ex

69 1371 328 1413 membranis
372 1371 461 1412 suis
503 1371 709 1413 lectiones
752 1371 934 1412 nimium
977 1384 1128 1423 parcas
1169 1393 1223 1399 —
1264 1369 1314 1410 de
1355 1369 1510 1423 quibus
1551 1368 1602 1410 cf.

69 1442 200 1498 praef.
240 1442 421 1484 Poenuli
458 1458 497 1497 p.
531 1442 638 1484 VIII
678 1467 732 1471 —
772 1442 855 1484 duo
896 1441 1004 1484 folia
1040 1442 1085 1482 in
1124 1440 1267 1483 codice
1303 1440 1336 1482 O
1377 1439 1601 1496 (Ottobon.

70 1515 144 1556 lat.
165 1514 248 1556 687
272 1512 568 1570 miscellaneo)
588 1529 626 1556 v.
648 1513 884 1555 400—555
905 1513 1163 1566 exhibentia,
1185 1527 1292 1567 quae
1320 1526 1421 1553 sane
1448 1509 1618 1552 misere'

71 1586 260 1627 lacerata
304 1588 346 1627 et
390 1585 570 1627 discissa
616 1588 736 1627 sunt:
790 1599 898 1640 quae
942 1584 1120 1626 inventa
1166 1599 1190 1625 a
1235 1583 1506 1625 Bethmanno
1553 1597 1604 1623 ex

71 1656 235 1699 Loewii
267 1656 521 1712 apographo
555 1657 888 1711 diligentissimo
921 1658 964 1697 et
997 1655 1223 1710 descripsit
1255 1658 1298 1696 et
1329 1654 1605 1708 transcripsit

75 1727 274 1771 Goetzius
318 1726 445 1770 Anal.
489 1727 619 1770 Plaut
659 1743 700 1783 p.
738 1728 794 1770 86
811 1742 902 1782 sqq.
976 1724 1120 1781 Atque
1165 1726 1364 1768 Loewius
1415 1726 1604 1767 codicem

75 1799 198 1842 illum
230 1800 361 1854 paulo
389 1799 507 1854 prius
534 1799 631 1854 ipso
660 1800 831 1841 saeculo
858 1798 918 1841 XI
948 1799 1155 1853 scriptum
1182 1798 1318 1840 videri
1347 1797 1605 1850 affirmabat,

75 1871 238 1913 duobus
267 1871 448 1913 saeculis
475 1874 524 1913 ut
542 1869 632 1913 EJ
645 1886 848 1926 superare
875 1870 1074 1912 uideatur
1099 1871 1300 1925 ipsosque
1322 1868 1406 1912 OD
1438 1868 1604 1911 codices

75 1942 289 1984 decenniis
320 1942 553 1985 nonnullis,

192 2013 255 2055 De
297 2013 365 2055 his
403 2013 622 2056 codicibus
661 2014 733 2055 vix
772 2016 836 2054 est
874 2013 987 2068 quod
1030 2011 1301 2069 adiciamssss).
1373 2011 1518 2053 Etiam
1563 2011 1606 2051 in

76 2085 255 2127 canticis
294 2085 369 2127 ubi
401 2100 427 2127 a
458 2085 502 2127 B
534 2085 694 2127 codicis
729 2085 1008 2139 discriptione
1047 2085 1298 2140 plerumque
1331 2080 1605 2138 servatassssss)

170 2286 201 2331 *)
228 2285 342 2321 Velut
367 2285 475 2320 omisi
506 2286 558 2320 mi
589 2285 744 2320 formam
777 2286 924 2329 saepius
951 2297 1017 2329 pro
1050 2286 1139 2319 mihi
1165 2284 1386 2327 indicatam,
1421 2295 1503 2318 curn
1530 2282 1605 2316 illis

77 2364 168 2399 locis
193 2352 227 2400 vii
252 2363 374 2409 potins
403 2365 548 2398 exstare
576 2362 799 2398 crediderim
825 2363 846 2396 i.
876 2374 905 2397 e.
933 2363 1038 2406 mihi,
1065 2373 1137 2397 non
1164 2363 1223 2396 mi.

171 2416 226 2461 ²⁸²⁸)
254 2417 309 2451 De
336 2418 487 2452 externa
511 2416 621 2451 huius
648 2416 822 2451 editionis
849 2415 1141 2451 conformatione
1170 2416 1295 2450 valent
1316 2426 1411 2460 quae
1437 2415 1474 2449 in
1502 2425 1606 2458 prae-

81 2469 232 2505 monitis
253 2471 299 2505 ad
322 2471 420 2505 Trin.
443 2469 499 2506 ed.
521 2469 572 2504 III
591 2481 626 2515 p.
641 2469 725 2503 VIII
748 2468 842 2504 dixi:
869 2480 979 2513 quam
1001 2469 1334 2504 conformationem
1355 2481 1437 2503 cuin
1459 2467 1607 2512 probari

78 2523 219 2559 idoneis
245 2523 395 2558 arbitris
414 2522 674 2566 intellexerim,
701 2523 848 2566 retinui,
876 2523 946 2558 etsi
967 2523 1141 2558 Goetzius
1166 2534 1270 2557 meus
1295 2522 1333 2557 in
1359 2522 1607 2556 Bacchidibus

80 2577 183 2622 sequi
207 2576 338 2612 noluit.

174 2629 248 2672 ***)
276 2629 466 2665 Interdum
502 2642 584 2665 cum
623 2632 749 2665 tamen
789 2630 900 2665 solius
926 2630 1035 2664 metri
1075 2640 1188 2664 causa
1220 2630 1333 2664 verba
1364 2627 1606 2670 iiiimiltairim,

81 2683 202 2719 facere
229 2695 302 2719 non
330 2695 475 2729 possum
499 2683 587 2728 quin
614 2684 750 2718 diserte
771 2682 1005 2728 pronuntiem
1033 2684 1124 2718 nihil
1154 2682 1361 2728 perversius
1389 2692 1468 2715 esse
1496 2692 1606 2723 quam

81 2738 178 2782 quod
210 2749 327 2783 nuper
358 2749 431 2773 non
465 2737 542 2772 sine
576 2737 762 2782 gravitate
797 2737 941 2772 exstitit
979 2736 1041 2781 qui
1074 2737 1280 2771 inculcaret
1318 2734 1504 2769 rarissime
1538 2734 1606 2767 hoc

84 2791 353 2826 admittendum
383 2802 472 2827 esse.
515 2790 584 2833 Qui
605 2802 687 2826 cum
709 2791 787 2836 ipse
809 2791 989 2826 concedat
1015 2791 1051 2825 in
1072 2790 1198 2825 metris
1225 2787 1510 2833 simplicioribus
1538 2788 1606 2821 hoc

85 2844 300 2889 saepissime
333 2845 570 2880 statuendum
603 2856 682 2879 esse
715 2855 789 2879 non
821 2844 931 2879 modo
965 2844 1088 2878 hiatus
1122 2854 1250 2884 causa,
1284 2841 1347 2874 sed
1381 2851 1425 2874 ne
1459 2840 1606 2874 omnino

84 2897 227 2941 syllaba
253 2900 317 2933 aut
338 2898 430 2943 pede
452 2898 625 2933 deficiant
652 2910 788 2942 versus,
814 2897 909 2932 unde
935 2897 1078 2931 fidelius
1100 2895 1246 2930 cantica
1272 2893 1431 2927 maxime
1459 2894 1606 2927 servata

83 2960 160 2984 csse
191 2950 229 2986 in
261 2951 423 2986 animum
457 2950 626 2985 induxit?
659 2950 751 2985 Mihi
784 2950 901 2985 multo
929 2949 1078 2995 gravius
1114 2948 1259 2982 videtur
1294 2946 1447 2980 ‘crimen
1479 2946 1604 2981 laesae
