1946 3344
740 223 742 225 >
779 207 1027 243 APPENDIX
1584 209 1606 248 1
1615 208 1635 248 1
1645 209 1665 248 1

137 305 308 340 nunciam
335 305 473 339 cultros
500 305 604 339 tenet
632 302 843 347 Geppertus.
879 301 1054 338 nunciam
1080 314 1120 337 os
1145 303 1262 338 cultro
1288 303 1342 338 vel
1372 313 1469 337 nunc
1493 302 1567 338 iam
1594 302 1668 337 cul-

135 360 193 393 tro
220 369 259 393 os
287 356 423 392 attinet
437 356 634 403 Seyffertus
651 355 788 390 Philol.
807 355 988 390 XXVII
1009 367 1044 400 p.
1060 358 1140 390 441.
1168 354 1229 390 hic
1254 355 1330 390 iam
1356 367 1385 391 c.
1401 366 1433 390 a.
1464 355 1666 401 Vssinyius.

135 411 193 445 De
216 410 392 445 nunciam
418 430 462 435 -
489 410 584 455 quod
610 409 695 444 olim
720 409 948 453 effla‘qitabat
972 408 1132 444 Brixius
1156 409 1199 444 de
1215 409 1274 444 Pl.
1296 413 1328 444 et
1350 409 1429 444 Ter.
1444 419 1543 454 pros.
1565 420 1606 452 p.
1621 411 1667 443 49

138 484 180 488 —-
206 464 287 498 vide
319 463 534 508 Lanyeuum
569 461 716 497 ‘Beilr.’
740 472 779 505 p.
806 463 883 497 285
896 472 982 506 sqq„
1012 462 1078 497 ubi
1097 473 1136 506 p.
1164 464 1243 498 288
1277 473 1374 498 nunc
1405 462 1480 497 iam
1507 462 1667 496 cultrum

135 527 217 551 erus
243 515 389 552 adtinet
419 517 546 552 suadet
575 519 773 560 praeeunte
797 514 934 550 Brixio
953 514 1037 550 Em.
1065 515 1107 550 in
1139 515 1198 550 Pl.
1229 514 1331 560 Capt.
1356 527 1394 560 p.
1423 517 1485 558 12,
1511 516 1575 559 qui
1593 515 1668 549 iam

134 573 313 605 mutatum
338 570 535 605 subiectum
560 569 730 614 eaeemplis
756 568 1010 604 dissimillimis
1034 568 1204 611 defendit.

231 633 310 665 267.
337 628 394 663 Ne
417 629 449 664 is
476 628 627 672 quidem
653 627 845 663 inuoluere
870 628 1098 663 Dissaldeus.
1149 627 1205 662 Ne
1231 628 1270 662 id
1303 627 1453 672 quidem
1485 626 1669 662 inuolucri

134 681 424 717 Lindemannus.
476 682 584 717 Recte
609 682 782 716 distinavit
808 680 1002 717 Bothius³.-
1028 682 1074 724 cf.
1100 680 1283 715 Vahlenus
1308 682 1384 716 ind.
1412 682 1518 716 schol.
1546 682 1666 716 Berol.

134 746 166 769 a.
183 738 282 770 1880
301 745 341 779 p.
357 738 441 780 δερ.
468 739 500 770 et
525 747 558 771 a.
574 737 713 780 1881s2
736 746 774 778 p.
789 736 812 768 4
825 745 889 779 sq„
913 734 988 771 Leo
1005 735 1106 769 Mus.
1120 733 1236 769 Rhen.
1257 738 1280 769 t.
1300 734 1594 779 XXXVIIIp.
1610 737 1668 768 16.

229 799 310 830 271.
337 795 509 830 Proxime
539 794 765 838 Gronovius,
792 798 921 829 contra
955 793 1213 838 longissimum
1244 791 1457 838 Geppertus.
1504 793 1667 829 Ceterum

135 849 253 884 nescio
279 860 329 884 an
349 852 508 893 praestet
534 848 672 883 bonum
697 848 722 882 i.
749 858 776 882 e.
803 847 995 882 bonorum.

230 911 309 943 274.
356 908 511 942 Thalem
545 907 649 942 caule
682 918 754 941 uno
786 907 840 941 vel
870 906 1066 941 Thaletem
1099 907 1198 940 lente
1230 906 1296 951 (sic
1329 906 1437 940 etiam
1466 905 1667 950 Tyrrclius)

136 962 189 996 vel
213 960 409 996 Thaletem
434 960 528 996 talla
555 961 748 996 Palmerus
773 959 961 996 Hermatlz.
984 960 1100 995 VIII
1120 962 1168 1003 (a.
1189 961 1302 1004 1881)
1323 971 1363 1005 p.
1385 962 1466 994 140.
1505 960 1569 994 An
1593 960 1668 1003 fuit

133 1013 295 1058 Milesio,
326 1019 367 1050 ut
402 1015 513 1050 lateat
542 1015 643 1049 iocus
668 1015 710 1049 de
740 1014 867 1048 viliore
895 1014 1086 1058 pecunia?
1141 1013 1195 1056 Cf.
1226 1013 1488 1059 Ostermeyerus
1519 1014 1562 1048 de
1586 1014 1669 1049 hist.

132 1068 207 1111 fab.
234 1069 276 1103 in
301 1079 387 1104 com.
417 1068 477 1103 Pl.
505 1068 548 1103 ed
573 1067 778 1112 Gryplcisw.
805 1078 838 1102 a.
864 1069 963 1102 1884
983 1078 1022 1111 p.
1050 1069 1099 1101 25
1114 1076 1164 1110 sq.

228 1130 308 1162 275.
337 1127 507 1171 Namque
532 1126 564 1160 is
590 1126 747 1162 Botlzius
773 1125 883 1171 (Nam
909 1126 941 1160 is
969 1125 1155 1171 Pylades).
1189 1125 1285 1159 Nam
1310 1124 1374 1169 pol
1399 1126 1502 1160 idem.
1532 1145 1575 1150 —
1602 1124 1666 1158 ille

134 1180 268 1215 nimius
295 1180 538 1216 Camerarius.
571 1179 707 1215 nimius
738 1179 874 1214 nimius
908 1178 1097 1214 Gruterus.
1131 1178 1265 1212 nimius
1298 1189 1423 1223 nugax
1454 1178 1668 1224 Spengselius

133 1234 265 1269 Philol.
294 1234 514 1269 XXXVII
531 1245 570 1278 p.
598 1236 681 1269 433.

230 1297 309 1329 277.
338 1292 505 1335 Quonam
525 1304 661 1339 genere
681 1293 835 1338 gnatust
858 1292 1070 1337 Geppertus.
1098 1290 1166 1326 Dic
1188 1302 1260 1334 quo
1281 1302 1416 1336 genere
1437 1304 1471 1337 g.
1487 1293 1666 1328 Beckerus

133 1348 174 1381 in
199 1346 357 1382 Studem.
386 1347 492 1383 Stud.
521 1348 549 1381 I
566 1359 606 1392 p.
633 1350 702 1382 145
725 1350 924 1391 praeeunte
949 1356 1021 1389 quo
1050 1345 1108 1379 dic
1134 1345 1281 1380 Brioeio.
1323 1345 1421 1388 quod
1448 1348 1505 1380 est
1529 1357 1664 1391 genere

132 1401 267 1444 gnatus
301 1401 516 1436 Weidnerus
542 1401 692 1436 Advers.
713 1412 753 1445 1).
775 1404 799 1435 8
826 1410 901 1434 non
926 1399 1151 1443 improbante
1177 1398 1345 1442 Haspero
1374 1398 1486 1433 ‘Plau
1506 1399 1602 1435 ane.⁹
1632 1411 1665 1434 a.

135 1456 233 1488 1883
255 1465 293 1498 p.
320 1456 380 1489 32.

229 1509 308 1542 278.
335 1506 430 1541 illist
456 1519 568 1541 unum
594 1507 751 1542 Bothius
779 1506 888 1551 (unde
914 1506 1021 1540 etiam
1042 1516 1072 1539 v.
1088 1508 1155 1539 277
1182 1504 1240 1538 1111
1260 1505 1516 1540 Fleckeisenus
1541 1506 1664 1549 dedit).

133 1559 212 1594 An:
251 1559 350 1604 quod
387 1571 503 1604 genus
541 1560 620 1594 illic
657 1560 801 1604 pollens
833 1560 889 1593 est
921 1563 1032 1601 atque
1064 1570 1176 1592 unum
1203 1558 1568 1593 honoratissumum?
1609 1559 1665 1601 Cf.

136 1613 295 1648 Paulius
320 1614 362 1648 de
386 1623 492 1649 VNVS
518 1625 610 1648 nom.
637 1625 736 1649 num.
764 1625 821 1658 ap.
832 1624 892 1657 pr.
907 1623 974 1646 scr.
996 1622 1065 1646 usu
1090 1612 1156 1656 (ed.
1173 1612 1286 1646 Ieuae
1312 1623 1345 1645 a.
1363 1614 1472 1655 1884)
1493 1623 1533 1656 p.
1548 1615 1598 1646 29
1613 1622 1662 1656 sq.

134 1666 190 1700 De
214 1678 246 1702 v.
274 1670 342 1701 279
369 1668 413 1710 cf.
440 1667 726 1712 Kampmannus
751 1668 793 1701 de
820 1675 874 1700 AB
894 1675 1062 1710 praepos.
1084 1676 1124 1709 p.
1151 1668 1208 1700 17.

227 1729 307 1760 280.
334 1726 532 1770 Rumpitur
547 1726 765 1771 DIadviyius
785 1726 936 1761 Advers.
964 1725 1021 1758 II
1037 1735 1077 1769 p.
1093 1726 1126 1759 5.
1145 1745 1186 1749 —
1216 1724 1249 1758 ei
1277 1735 1388 1767 quom
1415 1723 1452 1758 in
1480 1724 1582 1759 Aleis
1610 1726 1665 1759 est

132 1779 253 1824 gratia.
286 1782 392 1815 tanta,
423 1779 682 1815 Fleckeisenus
713 1780 830 1814 eodem
862 1787 932 1823 quo
958 1777 997 1811 F
1026 1778 1128 1812 uitio.
1163 1777 1196 1811 ei
1229 1788 1341 1821 quom
1373 1777 1412 1812 in
1439 1777 1527 1812 eieis
1557 1780 1664 1812 tanta

133 1832 293 1878 gratiast
318 1832 580 1868 Lachmannus
604 1834 645 1867 in
670 1832 831 1876 Luc-[19.
848 1834 935 1875 262,
957 1835 1040 1876 post
1065 1842 1165 1876 quem
1186 1842 1296 1874 quom
1324 1830 1404 1866 illic
1430 1832 1496 1876 (vel
1517 1831 1663 1875 quando

131 1885 225 1931 illic)
254 1886 456 1922 Muellerus
485 1886 590 1922 Pros.
602 1898 640 1931 22-
656 1889 740 1930 461,
766 1897 878 1929 quom
903 1885 942 1919 in
961 1884 1035 1919 illis
1049 1884 1208 1919 Brixius
1228 1895 1318 1920 corr.
1346 1886 1454 1919 tanta
1478 1885 1516 1919 in
1536 1884 1663 1920 Valeis

132 1951 244 1985 quom
277 1940 311 1976 ei
341 1940 503 1985 gratiast
534 1939 746 1986 Spem-aelius
779 1940 800 1974 l.
827 1950 853 1974 s.
881 1949 907 1973 s.
962 1938 994 1971 T
994 1941 1091 1973 otum
1122 1949 1263 1973 versum
1294 1948 1364 1982 pro
1395 1939 1523 1982 spurio
1559 1939 1664 1974 habet

141 1999 247 2034 Vssin
274 2000 340 2035 ius.

228 2011 307 2088 2g1.
335 2051 482 2098 opimae
508 2056 594 2097 post
621 2051 870 2088 Camerarium
906 2051 1067 2087 certatim
1092 2050 1298 2086 Lambinus
1322 2050 1474 2095 Lipsius
1501 2050 1664 2096 Scaliyer

133 2107 379 2142 emendarunt.
427 2105 587 2141 Ceterum
614 2116 797 2150 excoquas
824 2116 970 2141 seruom
996 2104 1160 2139 Guietus.
1198 2126 1238 2129 —
1272 2105 1400 2140 sebum
1427 2106 1539 2140 tenax
1568 2105 1662 2140 Gru-

132 2163 238 2195 terus.
266 2160 405 2195 sebum.
438 2158 510 2194 HE.
537 2170 648 2194 senex
675 2159 770 2202 Quid
795 2161 926 2204 pater?
952 2160 1091 2194 Dousa.

228 2222 308 2253 283.
329 2219 379 2253 At
397 2229 496 2253 nunc
515 2218 619 2254 uiuat
640 2229 754 2254 necne
773 2218 1014 2255 Camerarius.
1041 2218 1074 2252 N
1080 2229 1147 2252 unc
1167 2217 1319 2253 uiuatne
1340 2229 1386 2253 an
1407 2229 1480 2252 non
1499 2218 1661 2254 Getictus.

135 2272 240 2306 Nunc
265 2284 353 2306 num
378 2284 412 2306 u.
439 2284 474 2306 n.
500 2271 678 2308 Loezcias.

228 2335 308 2367 285.
327 2330 967 2376 Thesaurochrysonyehoehrysides
984 2331 1216 2367 Camerarius
1236 2332 1278 2366 in
1297 2335 1435 2376 annot„
1456 2332 1661 2367 Thesauro»

134 2384 541 2429 crypsonicochxysides
562 2385 750 2420 Heraldus
777 2386 878 2430 (quos
904 2386 1099 2428 confundit
1124 2385 1344 2420 Ritsclzelius
1373 2385 1501 2430 Opusc.
1524 2386 1606 2419 III
1623 2398 1660 2432 2).

132 2440 235 2482 313).·
260 2437 858 2484 Thesaurochrysonicoerypsides
876 2439 1088 2483 Geppertus,
1114 2440 1263 2484 itemque
1288 2439 1349 2474 sed
1375 2451 1507 2473 -νεικο-
1536 2438 1575 2472 F
1576 2440 1661 2474 leck—

132 2492 271 2526 eisenus
308 2492 408 2536 apud
445 2491 681 2527 Bitsclzelium
718 2493 739 2527 l.
766 2503 792 2527 s.
844 2492 1443 2537 Thesaurochrysonicocroesides
1487 2492 1662 2527 Botliius:

133 2544 758 2590 Thensaurocroesonicoehrysides
800 2544 1022 2590 Spenyclius.
1091 2547 1143 2581 At
1185 2547 1427 2591 reputandum
1468 2550 1546 2581 erat
1588 2556 1662 2580 non

133 2602 207 2634 tam
252 2598 403 2643 -chrys-
448 2599 616 2634 iteratum
660 2599 835 2642 offendere
866 2610 974 2643 quam
1012 2601 1174 2635 tenaciae
1212 2604 1317 2645 atque
1354 2600 1442 2635 adeo
1481 2599 1662 2634 audaciae

132 2652 432 2697 siqnificationem
468 2663 511 2686 ex
548 2652 709 2688 versibus
752 2654 978 2697 sequentibus
1021 2654 1233 2689 desiderari.
1301 2652 1438 2698 Quodsi
1496 2653 1660 2687 -chersi-

134 2707 187 2741 vel
231 2705 375 2741 -chiro-
422 2706 629 2750 reponimus
679 2707 786 2742 etiam
836 2707 963 2742 -nico-
1014 2708 1085 2742 vim
1125 2708 1303 2743 adsciscit.
1366 2706 1527 2741 Ceterum
1565 2705 1661 2740 -idei

127 2769 198 2804 pro
224 2758 325 2794 -ides
351 2759 442 2794 coni.
463 2759 642 2795 Beckerus
668 2760 689 2795 l.
716 2771 742 2795 s.
771 2770 797 2794 s.
821 2772 859 2804 p.
876 2764 943 2795 171
972 2761 1056 2796 adn.
1091 2763 1145 2805 (ut
1170 2760 1440 2797 Studemunclus
1469 2759 1600 2794 Pseud.
1627 2771 1657 2794 υ.

132 2815 204 2848 989
230 2812 319 2848 duce
344 2812 405 2857 A).

228 2875 308 2906 286.
336 2871 494 2918 quasist]
522 2871 708 2916 quidemst
738 2873 957 2918 Geppertus:
983 2875 1062 2909 vide
1087 2875 1136 2909 sis
1163 2873 1359 2908 Valzlcnum
1386 2871 1510 2906 Herm.
1529 2872 1655 2906 XVII

132 2936 166 2969 p.
194 2928 278 2960 618.

228 2981 306 3013 287.
335 2978 545 3024 audaciam]
573 2979 756 3015 tenaciam
779 2984 862 3024 post
888 2982 980 3015 alios
1005 2980 1096 3016 coni.
1119 2979 1313 3014 Aciclalius
1333 2979 1354 3013 l.
1376 2989 1402 3013 s.
1423 2990 1450 3012 s.
1480 2980 1590 3024 (unde
1615 2992 1656 3014 ac
