1946 3344
257 213 340 248 XVI
890 209 1165 245 PRAEFATIO

259 321 442 363 schelius
475 320 669 376 (Parerg.
694 335 734 374 p.
760 320 847 361 200
875 319 991 374 adn,
1024 316 1152 375 268),
1190 318 1296 360 vitia
1327 318 1509 361 inveniri
1548 320 1591 360 in
1623 320 1784 373 ἤθεσιν

259 392 545 435 describendis
584 393 925 446 argumentoque
964 390 1216 445 explicando
1256 393 1298 432 et
1336 390 1520 432 rariores
1558 406 1650 432 esse
1693 405 1785 432 sen-

258 463 416 505 tentias
457 476 724 505 communes:
770 476 879 516 quae
917 461 1027 503 nihil
1070 461 1212 503 valere
1257 461 1491 503 ostendunt
1529 464 1785 517 argumenta

258 534 518 591 gravissima
556 535 599 575 et
638 547 687 574 ex
725 533 831 588 ipsis
871 547 980 589 quae
1021 533 1262 575 accuratius
1301 534 1500 576 novimus
1539 533 1782 574 fabularum

257 606 524 660 temporibus
573 604 761 660 petenda
812 607 855 646 et
905 619 955 646 ex
1009 618 1262 659 graecorum
1314 605 1625 659 exemplarium
1676 619 1784 659 quae

257 680 384 731 poeta
416 676 629 731 expressit
660 674 929 733 varietatess).

376 746 476 789 Non
508 748 649 790 minus
681 747 995 789 inconsiderate
1023 746 1241 789 Stiefelius
1274 747 1300 788 l.
1328 761 1359 789 S.
1391 763 1430 802 p.
1457 747 1545 789 310
1559 762 1662 803 sqq„
1693 747 1784 789 lau-

257 819 383 861 datus
412 834 514 861 sane
541 835 566 861 a
591 818 813 870 Lorenzio‚
845 819 1117 874 impugnavit
1146 818 1387 874 Ladewigii
1419 819 1709 861 coniecturam
1741 822 1784 860 et

256 892 425 932 acutam
458 893 502 932 et
534 891 640 933 satis
672 891 952 946 probabilem,
984 905 1069 945 qua
1100 890 1210 932 hanc
1242 890 1436 932 fabulam
1470 905 1520 932 ex
1547 890 1781 945 Posidippo

256 976 505 1004 conversam
538 977 629 1004 esse
657 963 852 1017 sumpsit,
884 962 973 1003 sive
993 959 1167 1016 Ὅμοιοι
1199 962 1289 1003 eius
1323 976 1451 1016 quam
1483 962 1680 1004 novimus
1714 976 1784 1004 ex-

256 1034 418 1087 emplar
457 1032 662 1091 fueritssss)
702 1034 790 1076 sive
829 1034 974 1088 aliqua
1005 1035 1203 1089 Δίδυμοι
1241 1034 1309 1076 vel
1350 1032 1604 1088 Μέναιχμοι
1636 1033 1784 1075 fabula

255 1105 367 1145 inter
398 1105 481 1147 duo
509 1108 551 1147 et
581 1105 739 1161 viginti
766 1105 855 1147 eius
883 1106 1125 1148 comoedias
1157 1105 1389 1158 referenda,
1424 1119 1604 1159 quarum
1636 1104 1778 1146 inscri-

254 1176 446 1230 ptionem
488 1177 573 1218 iam
612 1191 700 1218 non
737 1178 944 1218 tenemus.
1006 1175 1119 1218 Nam
1158 1177 1245 1218 vim
1283 1175 1524 1218 testimonii
1563 1190 1614 1217 ex
1652 1175 1783 1217 Athe-

254 1262 360 1289 naeo
394 1248 519 1301 petiti
551 1262 646 1289 cum
678 1247 912 1302 infringere
946 1248 1133 1301 studeat,
1172 1248 1218 1289 in
1250 1247 1397 1289 eodem
1431 1262 1514 1303 quo
1549 1247 1783 1289 Teuffelius

254 1318 390 1360 ‘Stud
431 1333 470 1360 11.
504 1317 646 1361 Ohar.'
684 1334 723 1373 p.
757 1318 843 1360 265
882 1333 1024 1360 errore
1063 1322 1261 1360 versatus
1303 1333 1516 1361 summam
1553 1318 1618 1359 rei
1654 1319 1783 1373 plane

253 1390 473 1444 pervertit.
536 1388 708 1432 Scilicet
736 1390 897 1439 δοῦλος
922 1390 1130 1446 μάγειρος
1161 1405 1257 1432 cum
1289 1390 1579 1433 invalescente
1613 1390 1783 1432 demum

252 1462 420 1503 luxuria
457 1476 536 1503 usu
573 1461 738 1503 venerit
782 1461 894 1516 apud
940 1461 1124 1505 Graecos
1164 1464 1207 1504 et
1246 1462 1461 1513 posterius
1501 1462 1631 1503 etiam
1671 1461 1784 1516 apud

254 1532 472 1574 Romanos
505 1557 560 1562 ——
593 1532 637 1573 id
670 1532 784 1587 quod
815 1532 1074 1574 testimoniis
1109 1536 1206 1587 apte
1245 1532 1389 1574 fulciri
1426 1534 1572 1587 potest
1607 1556 1678 1587 -,
1710 1532 1783 1573 ille

254 1604 573 1658 antiquioribus
606 1604 757 1646 tribuit
788 1601 1181 1661 temporibus***):
1222 1604 1377 1660 quibus
1418 1604 1529 1646 servi
1562 1606 1690 1658 atque
1722 1603 1784 1645 vi-

371 1722 404 1766 *)
433 1721 590 1756 Omnino
624 1721 757 1756 falsam
791 1721 836 1755 de
869 1720 994 1756 Plauti
1029 1720 1155 1756 indole
1187 1731 1230 1756 ac
1263 1721 1309 1755 de
1341 1723 1421 1756 arte
1448 1721 1621 1756 scaenica
1647 1720 1784 1756 aetatis

252 1774 447 1810 Plautinae
463 1774 675 1820 opinionem
695 1775 830 1820 prodit,
858 1775 922 1820 qui
942 1775 1225 1819 monologorum
1240 1774 1396 1810 facetias
1416 1776 1596 1820 tanquam
1617 1785 1783 1810 summae

252 1839 386 1863 caveae
414 1829 640 1864 concessisse
665 1831 816 1874 poetam
844 1829 984 1864 scribat
1009 1829 1120 1873 (eine
1142 1828 1356 1864 Concession
1373 1829 1435 1863 'des
1456 1828 1626 1864 Dichters
1651 1840 1701 1863 an
1727 1829 1785 1864 die

255 1881 485 1926 Grundlinye
498 1883 613 1916 semer
628 1882 758 1926 Zeit'):
773 1892 893 1925 neque
913 1881 1051 1916 rectius
1080 1882 1124 1917 de
1139 1881 1222 1917 aliis
1240 1882 1349 1917 rebus
1364 1882 1507 1916 iudicat
1522 1882 1640 1927 (velut
1651 1895 1686 1927 p.
1702 1885 1782 1927 316,

256 1933 319 1968 ubi
345 1935 454 1968 notat
482 1934 554 1969 ‘ein
578 1935 739 1979 yewisses
764 1935 1060 1971 selbstbewusstes
1080 1936 1275 1978 Auftreten
1301 1936 1362 1970 des
1386 1946 1465 1970 vom
1485 1935 1671 1971 Schicksal
1695 1936 1783 1979 fridh

254 1987 328 2030 auf
357 1987 415 2021 (lie
453 1988 598 2033 eiqenen
623 1987 738 2022 Beine
773 1988 953 2031 yestellten
988 1988 1245 2024 Menaechmus
1271 1990 1299 2023 I
1330 1989 1528 2033 yeyenz'cber
1561 1990 1622 2024 des
1655 1990 1783 2024 hasen-

253 2041 417 2086 fu‘ssz'yen
439 2040 648 2076 Ver-hahens
675 2040 760 2086 [sic]
782 2042 896 2076 seinos
916 2042 1250 2078 erkzdrzicheowez'se
1269 2043 1548 2077 verhcitschelten
1572 2042 1782 2088 Bruciers').

253 2094 372 2128 Multo
399 2093 531 2129 melius
559 2094 603 2128 de
629 2094 882 2130 imitatoribus
903 2095 1027 2130 Plauti
1054 2107 1097 2130 ex
1124 2095 1234 2130 Italia
1260 2094 1425 2130 oriundis
1453 2095 1662 2140 disputavit
1688 2094 1783 2130 Stie-

258 2147 377 2182 felius.
428 2146 544 2189 Quem
583 2146 659 2182 iam
684 2147 795 2193 longe
822 2150 1012 2194 superavit
1044 2148 1433 2184 Reinhardstoettneri
1468 2147 1686 2193 diligentia,
1724 2150 1783 2185 cui

253 2199 397 2235 utinam
425 2212 512 2235 cura
538 2202 575 2235 et
601 2199 789 2245 elegantia
821 2202 858 2236 in
885 2202 1089 2248 digerenda
1123 2203 1222 2238 mole
1248 2214 1315 2247 par
1341 2203 1448 2236 esset.
1501 2201 1672 2236 Ceterum
1699 2214 1781 2237 cum

254 2264 370 2298 nuper
397 2254 599 2288 Mediolani
626 2254 801 2299 degerem
834 2267 856 2291 a
888 2267 1001 2301 grege
1028 2255 1266 2299 Taurfflensi,
1300 2267 1410 2299 quem
1437 2255 1539 2290 ducit
1566 2255 1781 2300 Gemellius,

253 2307 377 2351 lepide
408 2308 532 2342 actam
566 2306 643 2341 vidi
676 2308 842 2344 fabulam
871 2310 915 2344 ‘I
938 2311 1009 2345 due
1033 2309 1173 2353 yemei’,
1201 2308 1238 2343 in
1272 2319 1346 2352 qua
1377 2310 1640 2353 argumentum
1665 2309 1781 2344 Διδύ-

258 2373 336 2405 μων
362 2359 416 2395 ita
442 2362 627 2396 mutatum
654 2363 726 2406 est,
764 2364 805 2397 ut
830 2363 927 2398 alter
953 2363 1009 2397 vir
1036 2361 1085 2397 sit
1119 2361 1421 2405 honestissimus,
1455 2361 1551 2398 alter
1576 2362 1712 2398 nebulo
1738 2374 1782 2399 66

258 2414 317 2448 fur
343 2434 386 2439 —
413 2414 610 2458 utrumque
636 2414 736 2450 idem
762 2415 895 2452 histrio
922 2416 1071 2452 nomine
1098 2416 1214 2451 Vaser
1245 2415 1339 2450 mira
1365 2415 1444 2460 egit
1470 2416 1693 2452 dexteritate
1720 2431 1782 2451 -ε

259 2468 372 2511 atque
398 2466 494 2502 inter
521 2468 595 2502 alia
621 2467 745 2513 pallae
772 2480 884 2505 causa
908 2470 965 2505 ita
989 2469 1121 2513 rediit,
1148 2470 1190 2504 ut
1214 2480 1375 2512 nequam
1401 2468 1465 2504 ille
1491 2472 1634 2505 vestem
1660 2481 1781 2506 surru-

259 2520 398 2565 puerit‚
425 2531 535 2564 quam
566 2532 588 2555 a
622 2522 801 2556 scrutario
834 2523 1065 2567 redemptam
1096 2522 1232 2566 aliquis
1265 2522 1361 2557 dono
1395 2523 1460 2558 dat
1492 2524 1658 2568 gemino:
1684 2524 1781 2559 unde

259 2572 426 2607 confusio
453 2575 622 2617 augetur.

377 2626 432 2671 **)
459 2625 510 2661 Cf.
538 2626 762 2662 Ribbeckius
791 2627 938 2663 ‘Gesch.
967 2628 999 2663 d.
1027 2629 1069 2663 R..
1097 2629 1155 2662 D.'
1185 2640 1219 2673 p.
1237 2631 1316 2664 125.
1368 2629 1469 2672 Quae
1495 2640 1570 2664 una
1594 2630 1783 2665 sententia

259 2680 405 2715 servata
430 2681 488 2714 est
514 2690 557 2714 ex
583 2680 654 2715 hac
680 2680 808 2715 fabula
833 2681 905 2714 etsi
930 2681 967 2715 in
998 2681 1251 2717 Menaechmis
1277 2693 1351 2717 non
1377 2682 1494 2726 redit,
1519 2683 1645 2717 tamen
1670 2683 1781 2718 facile

258 2733 382 2777 potuit
406 2733 562 2777 proferri
595 2736 661 2768 aut
692 2745 714 2768 a
747 2733 913 2778 parasito
946 2734 1007 2779 (ΙΙΙ
1039 2737 1072 2780 1)
1100 2736 1166 2770 aut
1191 2746 1213 2769 6
1240 2747 1324 2770 senc
1351 2734 1399 2780 (V
1425 2740 1445 2770 2
1472 2734 1537 2780 in.)
1565 2738 1630 2770 aut
1655 2747 1677 2771 a
1701 2735 1773 2771 Me-

258 2787 436 2821 naechmo
463 2786 478 2820 I
505 2787 551 2831 (V
578 2790 598 2821 5
624 2786 701 2831 in.).

376 2839 454 2884 ***)
482 2840 547 2875 ‘So
577 2841 710 2875 rnechte
740 2842 802 2875 der
834 2842 965 2881 δοῦλος
999 2839 1172 2885 μάγειρος
1202 2852 1296 2886 qam
1330 2841 1422 2877 wohl
1448 2841 1552 2885 jener
1589 2841 1670 2877 Zeit
1705 2847 1780 2878 ent-

259 2893 437 2936 sprechcn,
463 2905 516 2928 wo
535 2895 597 2929 cler
611 2894 742 2929 Luxus
767 2895 858 2929 noch
877 2895 1068 2930 innerhalb
1093 2896 1256 2939 961163367-
1271 2895 1481 2931 Schranken
1506 2894 1616 2930 blieb.
1635 2923 1641 2929 .
1659 2923 1665 2930 .
1681 2897 1781 2932 sollte

260 2944 417 2980 Erotion
435 2947 559 2982 zweier
582 2946 765 2982 Personam
789 2947 911 2982 halben·
937 2948 1060 2983 immor
1086 2949 1189 2984 einen
1210 2949 1314 2984 Koch
1340 2947 1518 2984 miethen?
1551 2948 1663 2993 Nein,
1688 2950 1782 2985 diese
