1946 3344
243 241 311 275 XII
864 234 1138 270 PRAEFATIO

243 350 439 403 testibus,
467 349 715 402 plerumque
743 342 959 401 servatis):
987 360 1012 386 a
1038 360 1075 386 v.
1104 345 1168 386 12.
1201 344 1407 397 Eloquere
1425 367 1483 374 —
1494 344 1606 397 pilei·
1626 367 1680 372 —
1700 356 1773 384 ua-

237 422 340 475 pulo
381 445 435 450 ——-
476 419 722 472 Supremum
765 442 812 446 —
855 419 1006 458 eertum
1050 439 1097 446 -—
1140 415 1248 469 Cape
1289 440 1337 444 -—
1379 415 1476 456 Mos
1517 439 1565 443 -—
1609 418 1685 464 tere
1721 439 1769 444 ——

239 493 312 545 pol
346 515 397 521 -ο
433 491 642 532 elementer
676 513 725 518 —
762 489 834 529 Au
866 513 920 518 —
954 487 1089 528 Immo
1125 511 1172 516 —
1209 487 1345 527 Immo
1382 511 1430 515 —
1468 486 1602 527 Tuam
1636 509 1686 515 -—
1715 486 1776 527 At

247 567 282 604 te
315 587 369 592 ——
405 562 534 613 Quasi
570 585 616 589 —
658 560 762 601 Taee
792 584 851 588 —
883 574 907 600 a
939 575 977 601 v.
1009 558 1114 600 275:
1146 558 1260 599 Heia
1288 582 1338 587 —
1367 557 1445 598 Pol
1469 581 1526 586 —
1552 557 1693 598 Elida
1717 581 1772 586 —

249 650 282 676 a.
317 649 354 674 v,
388 634 491 675 343:
530 631 736 684 Quomodo
772 656 819 660 —
865 631 989 671 Valde
1025 654 1074 659 -—
1110 630 1245 670 Militi
1273 653 1325 658 —-
1356 629 1490 670 Tuam
1521 653 1568 658 ——
1598 628 1692 670 Eleo
1720 653 1775 657 —-

248 705 358 757 Quin
390 708 433 745 tu
465 728 523 733 ——
556 718 580 744 a
612 719 646 746 v.
674 703 779 744 470:
812 702 900 755 Asse
934 727 982 731 —
1019 701 1116 742 Iam
1148 701 1221 742 tibi
1253 725 1307 729 -—
1341 715 1365 741 a
1391 715 1428 742 v,
1452 700 1553 742 711:
1589 698 1776 741 CAlluli

247 801 302 806 —
339 772 545 818 Charinus
575 799 623 804 —-
655 774 765 826 Quiri
790 777 833 815 tu
862 798 911 803 —
942 788 966 814 a
992 787 1026 814 V.
1052 772 1180 814 1000:
1212 772 1444 825 Imayiuem
1479 796 1527 801 —
1572 771 1692 814 Video
1723 796 1771 800 —

246 848 318 889 Ila
355 872 412 876 »-
450 846 610 888 Eadem
651 871 702 875 ——
747 846 856 897 Quicl
895 869 944 873 ——
990 845 1125 885 Tuues
1156 868 1210 873 —-
1246 843 1326 896 Qui
1362 843 1579 897 epistulam
1612 867 1663 872 —-
1699 842 1777 884 Sa-

248 919 368 960 lutem
409 942 461 947 -—-
503 934 526 958 a
560 933 596 959 v.
632 917 764 959 1155:
798 916 1069 958 Plcoiiielume
1108 940 1162 944 ——
1200 914 1261 956 At
1291 915 1528 956 maturitate
1563 938 1611 942 —
1656 914 1777 956 Video

250 1016 302 1021 -—
338 988 470 1032 Mauo
504 1015 553 1019 —
591 989 701 1042 Quicl
730 989 891 1042 aqimus
932 1012 980 1016 -—
1024 987 1096 1028 Au
1133 987 1260 1028 ueseis
1294 1011 1340 1015 —
1380 986 1538 1038 Edepol
1573 1010 1621 1014 —
1658 984 1777 1028 Com-

247 1065 467 1104 meulumst
516 1086 565 1090 —-
612 1060 739 1102 Dedit
780 1084 838 1089 -—
882 1058 1109 1101 Pseudolus
1155 1083 1205 1087 —-
1253 1057 1394 1099 Habes
1442 1060 1677 1110 ueryeutum
1724 1080 1773 1084 —

250 1134 367 1175 Heus
400 1158 453 1162 ——
487 1132 709 1175 Commmie
747 1156 800 1160 —
844 1130 977 1182 Quam
1014 1143 1109 1171 mox
1144 1154 1193 1158 -
1229 1129 1545 1182 Exploratorem
1580 1152 1629 1157 —
1665 1127 1778 1169 Adeo

249 1229 305 1234 -—
345 1204 517 1257 Sequere
557 1228 604 1232 —
648 1203 831 1245 Suammi
870 1225 924 1231 ——
964 1202 1078 1243 Nam
1115 1215 1183 1254 eqo
1220 1225 1278 1230 —
1315 1200 1425 1241 Auel
1463 1200 1548 1240 iam
1582 1224 1633 1228 ——
1675 1198 1778 1251 Quo-

250 1280 358 1318 tumo
395 1301 442 1305 —
479 1275 646 1318 Slreuui
678 1301 733 1305 —
774 1274 851 1316 Vbi
892 1298 940 1302 ——
985 1273 1095 1325 Quid
1130 1273 1194 1314 ais
1228 1296 1282 1301 ——
1314 1272 1460 1313 Etiam
1492 1285 1542 1312 ue
1576 1295 1623 1299 —
1660 1270 1779 1313 Sani.

251 1346 454 1388 Codicum
501 1346 581 1388 OD
634 1345 955 1400 discriptionem
1003 1359 1098 1385 cum
1148 1357 1284 1398 neque
1327 1342 1590 1384 Ritschelius
1641 1356 1777 1396 neque

251 1417 487 1460 Schoellius
532 1418 689 1472 ubique
728 1416 1017 1470 adnotaverit,
1062 1417 1109 1456 ut
1147 1429 1273 1470 quam
1305 1429 1430 1455 nemo
1464 1413 1778 1455 desideraturus

250 1490 323 1543 sit,
357 1490 521 1531 omitto.
1251 1532 1254 1535 Δ

371 1560 434 1602 De
474 1574 657 1615 graeco
699 1558 979 1614 exemplari
1020 1558 1079 1600 nil
1120 1559 1309 1600 constat:
1348 1556 1398 1597 de
1437 1556 1556 1598 cuius
1588 1558 1779 1610 tempore

253 1647 360 1687 quae
393 1632 575 1686 protulit
607 1631 868 1673 Usenerus
906 1630 1049 1685 Symb.
1077 1629 1179 1684 phil.
1206 1628 1340 1670 Bonn.
1368 1643 1405 1682 p.
1434 1627 1519 1669 593
1551 1627 1780 1669 incertiora

253 1703 359 1745 mihi
392 1703 600 1746 videntur.
659 1702 799 1744 Multo
831 1705 975 1744 tamen
1009 1702 1148 1742 minus
1175 1700 1378 1754 intellego
1406 1713 1480 1740 cur
1512 1699 1562 1740 ad
1596 1699 1780 1740 mediam

255 1789 362 1829 quae
390 1774 545 1816 dicitur
567 1774 832 1816 comoediam
859 1774 1051 1814 fabulam
1073 1771 1336 1813 revocaverit
1355 1770 1605 1825 Bergkius
1628 1769 1781 1825 Opusc.

253 1847 334 1888 vol.
355 1845 395 1887 Π
428 1862 467 1900 p.
489 1846 574 1887 744
606 1848 647 1886 et
680 1843 842 1886 ‘Beitrf
875 1860 913 1898 p.
937 1844 1018 1885 141
1054 1842 1124 1899 (cf.
1148 1834 1385 1884 Sclioellius
1406 1841 1529 1883 Anal.
1552 1841 1612 1883 Pl.
1633 1857 1672 1896 p.
1694 1839 1780 1896 15).

255 1917 528 1972 Quantopere
549 1918 641 1971 ipse
662 1917 840 1958 Plautus
861 1916 972 1957 lianc
993 1915 1184 1956 fabulam
1206 1914 1412 1967 dilexerit,
1431 1914 1617 1954 testatur
1633 1912 1780 1955 Cicero

256 1988 346 2031 Cat.
379 2004 433 2030 m.
464 1988 567 2030 XIV
602 1990 676 2030 50:
709 1987 852 2042 equam
887 1985 1131 2042 gaudebat’,
1164 1986 1316 2040 inquit,
1349 1984 1477 2026 ‘bello
1512 1999 1587 2026 suo
1621 1984 1781 2026 Punico

257 2058 465 2115 Naevius,
506 2075 634 2115 quam
667 2059 928 2101 Truculento
962 2057 1159 2111 Plautus,
1193 2071 1320 2112 quam
1355 2054 1645 2098 Pseudolo'.

377 2131 817 2186 Compositionem
867 2130 1039 2171 fabulae
1090 2128 1403 2182 impeditiorem
1455 2141 1546 2168 esse
1597 2141 1647 2167 ex
1690 2126 1781 2168 Lo-

258 2205 419 2245 renzii
458 2206 499 2244 et
537 2203 766 2258 Langeni
811 2200 1175 2256 disputationibus
1217 2202 1367 2241 notum
1407 2201 1482 2239 est.
1550 2197 1663 2239 Nam
1703 2198 1784 2239 etsi

256 2274 382 2316 facile
422 2274 631 2315 removeri
669 2276 851 2329 possunt
891 2271 1186 2313 additamenta
1225 2269 1433 2325 quaedam
1474 2270 1539 2311 vel
1572 2284 1622 2310 ex
1655 2269 1783 2310 inter-

257 2346 478 2400 polatione
510 2346 577 2386 vel
610 2360 659 2386 ex
693 2344 887 2386 diasceue
920 2342 1164 2398 repetenda,
1198 2345 1343 2384 tamen
1375 2355 1462 2382 non
1489 2355 1648 2394 paucae
1676 2340 1783 2381 diffi-

257 2418 436 2459 cultates
475 2419 657 2470 restant,
704 2430 808 2470 quas
846 2416 927 2456 hac
967 2415 1038 2456 via
1072 2413 1267 2469 expedire
1308 2415 1383 2454 aut
1421 2426 1507 2453 non
1547 2412 1669 2465 potui
1709 2413 1783 2452 aut

259 2504 343 2531 non
379 2503 505 2530 ausus
538 2503 644 2530 sum.
708 2486 887 2541 Saepius
921 2485 1033 2527 enim
1068 2485 1131 2539 fit,
1163 2487 1210 2526 ut
1242 2483 1405 2538 aliquid
1437 2484 1659 2524 turbatum
1691 2496 1782 2524 esse

261 2561 511 2612 sentiamus,
550 2560 618 2600 via
652 2545 804 2599 ‘tamen
845 2557 1156 2598 emendationis
1197 2555 1398 2596 incertior
1438 2555 1511 2608 sit,
1551 2569 1678 2609 quam
1717 2554 1782 2594 cui

260 2647 338 2674 nos
372 2632 553 2673 fidenter
587 2630 916 2672 c‘ommittamus.
979 2627 1101 2668 Talia
1138 2642 1225 2668 non
1259 2627 1390 2668 semel
1424 2627 1586 2667 intacta
1617 2625 1784 2678 reliqui,

258 2704 343 2745 nisi
377 2703 490 2758 quod
522 2703 568 2743 in
602 2701 880 2743 adnotatione
908 2699 1194 2754 suspicionem
1223 2699 1310 2739 sive
1331 2712 1469 2739 meam
1492 2697 1579 2738 sive
1600 2695 1783 2737 aliorum

260 2774 406 2829 paucis
439 2773 693 2829 significavi.

377 2845 442 2887 De
463 2845 663 2887 lacunis
686 2843 938 2900 quibusdam
956 2841 1218 2883 Ritschelius
1240 2841 1300 2882 sic
1320 2838 1569 2894 disputavit:
1593 2837 1785 2879 ‘Praeter

261 2917 535 2958 Ambrosiam
569 2915 724 2957 indicia
756 2929 851 2956 cum
880 2913 985 2955 alias
1013 2912 1220 2967 quasdam
1254 2912 1462 2953 lacunas
1495 2909 1664 2964 signavi
1690 2911 1783 2950 tum

262 3003 297 3029 v.
327 2988 437 3029 1187
473 2989 515 3028 ct
548 2988 656 3030 1208
691 2985 851 3040 aliquid
878 2983 1114 3027 desideravi
1142 2984 1193 3024 ad
1222 2982 1518 3036 integritatem
1545 2979 1781 3022 sententiae
