1946 3344
85 214 118 248 V
144 216 177 257 2,
202 216 339 249 71—77
709 211 981 248 BACCHIDES
1527 213 1607 254 141

84 321 321 364 Dimidium
350 323 442 364 auri
468 322 611 364 datur:
645 322 829 377 decipias
857 323 1062 377 potesque
1089 325 1131 363 et
1157 324 1347 364 scortum
1374 322 1614 364 aemimbas.

745 404 951 439 NICOBVLVS

85 460 209 515 Egon
239 459 314 501 fibi
346 459 458 500 filius
491 461 790 514 corrtimpatur
823 473 961 512 meus,
994 456 1057 499 sbi
1089 458 1267 512 potem?

735 538 962 575 Pmnoxmvs

1163 589 1459 631 Potzindumst.
1525 600 1614 630 1190

745 646 953 682 Nxcossvas

85 702 198 758 (Age
224 702 329 757 iam,
353 701 397 743 sd
423 705 520 743 utut
546 704 627 755 est,
663 701 789 743 etsist
813 701 1026 757 dedecori,
1052 702 1212 757 patiar:
1247 702 1386 743 facere
1418 702 1616 744 inducam

1259 772 1481 828 animum.)

83 845 211 901 Egon
243 860 371 900 quom
404 844 510 886 haec
542 859 638 886 cum
669 844 745 886 illo
780 844 958 887 accubet
989 843 1258 898 snspectem‘?

770 925 928 960 BAccffls

510 987 648 1029 Immo
682 987 879 1042 equidem
911 988 984 1042 pol
1016 990 1158 1029 tecum
1192 987 1454 1028 acclimbam.
1511 990 1619 1026 1192a

209 1058 268 1100 Te
301 1059 456 1101 ama'tbo
490 1062 532 1100 et
563 1063 606 1100 te
640 1058 931 1113 amplexzibor.
1506 1054 1618 1097 lle-2³³

748 1140 956 1175 NICOBVLVS

88 1199 229 1256 Caput
259 1201 415 1256 pmirit:
446 1201 566 1256 perii.
630 1199 702 1243 ul'x
734 1201 895 1256 negito.

767 1282 920 1317 BAccms

797 1336 897 1379 Non
924 1335 1008 1379 tibi
1033 1337 1079 1378 in
1104 1339 1351 1391 mentemst,
1376 1339 1418 1377 te
1446 1335 1622 1389 amabo,

89 1407 135 1452 Si
166 1408 267 1451 dnm
299 1409 423 1451 uiuas
454 1408 538 1451 tibi
568 1409 677 1450 bene
709 1408 863 1462 facias,
895 1411 986 1450 tam
1012 1409 1085 1463 pol
1117 1408 1160 1449 id
1187 1407 1359 1463 quidem
1386 1422 1479 1448 esse
1504 1405 1620 1448 haud

1086 1479 1446 1535 perlonginquom
1456 1512 1466 1532 ,

95 1573 213 1609 nihili.
241 1573 335 1608 ΡΗΙ.
363 1573 462 1618 quod
487 1572 540 1608 dii
566 1572 613 1608 F.
648 1572 769 1607 nihili.
795 1571 888 1607 ΡΗΙ.
922 1572 1022 1617 quod
1049 1571 1116 1607 alii
1143 1573 1177 1606 Z
1319 1571 1409 1607 boni
1435 1582 1501 1606 om.
1528 1570 1622 1605 Her-

93 1638 251 1663 mannus
276 1628 328 1662 sic
353 1637 494 1662 versum
519 1627 720 1662 dimensus.-
752 1625 878 1660 Etiam
903 1626 945 1659 tu
970 1624 1081 1660 homo
1109 1625 1219 1660 nihili
1245 1625 1344 1671 quod
1371 1625 1409 1659 di
1435 1624 1527 1659 dant

95 1681 204 1726 culpa
242 1683 307 1716 tua
343 1681 520 1725 (sequitur
544 1681 722 1724 spatium)
758 1679 807 1714 D.
853 1680 920 1714 tua
958 1678 1068 1723 culpa
1102 1679 1307 1714 Illuellerus
1342 1679 1446 1713 Pros.
1473 1689 1513 1722 1).
1540 1680 1623 1712 417.

93 1734 204 1779 culpa
217 1734 473 1770 Fleckeisenus
543 1737 642 1769 1189.
664 1734 828 1768 scurtum
844 1732 894 1777 B,
913 1732 1111 1768 Schoellius
1131 1734 1216 1767 olim
1229 1733 1341 1767 Anal.
1366 1731 1429 1766 Pl.
1443 1734 1500 1766 46.
1522 1742 1619 1765 scor-

89 1788 170 1822 tum
195 1787 261 1822 D1.
290 1798 455 1822 seorsum
480 1798 561 1831 sup.
586 1797 654 1822 scr.
674 1785 742 1821 D3.
769 1786 815 1829 cf.
843 1786 955 1821 Arial.
986 1786 1045 1822 Pl.
1068 1797 1106 1830 p.
1128 1788 1198 1820 114
1271 1796 1400 1820 aecum
1426 1783 1493 1818 bas
1514 1782 1552 1817 D

95 1844 194 1875 1190.
222 1839 315 1876 NIC.
342 1841 399 1875 D2
472 1840 644 1886 Egonubi
662 1839 712 1874 D.
738 1838 836 1883 Ergo
857 1839 947 1874 nubi
974 1839 1004 1874 O
1074 1838 1219 1884 potem]
1245 1838 1372 1883 potest
1394 1838 1423 1872 Ο
1448 1839 1583 1881 (ortum
1604 1847 1623 1869 e

80 1895 198 1939 vote)
296 1894 408 1940 PH1.]
437 1895 465 1928 Ρ
491 1893 546 1928 D²
643 1893 887 1938 potandumst
911 1892 957 1927 B.
986 1892 1190 1937 potandust
1216 1891 1300 1926 OD.
1334 1890 1541 1936 potandum
1568 1892 1625 1923 est

92 1947 171 1982 FZ
244 1951 347 1983 1191.
374 1949 479 1992 (1201
500 1947 667 1991 Ritsch.)
696 1947 786 1981 Post
810 1949 912 1982 1200
938 1947 1088 1981 collocat
1113 1945 1352 1980 Ritsclzelius:
1384 1948 1422 1979 at
1453 1954 1576 1978 versus
1602 1954 1624 1976 α

93 2001 322 2036 diasceuasta
347 2001 572 2045 adscriptus:
598 2000 643 2043 cf.
669 2010 702 2034 v.
724 2002 825 2036 1202
925 1998 1018 2034 NIC.
1039 1997 1094 2033 D2
1193 1997 1290 2043 Age]
1318 1996 1396 2042 Ego
1431 1997 1622 2041 Ussirzyius

94 2065 234 2090 versum
259 2055 462 2090 Philooeerio
487 2053 708 2089 continuaris
804 2052 880 2087 iam
906 2052 991 2087 idun
1015 2054 1058 2087 ut
1084 2054 1140 2087 est
1165 2052 1210 2086 B.
1238 2051 1312 2086 iam
1339 2051 1422 2085 iduh
1447 2051 1549 2084 utest
1574 2050 1622 2083 I).

94 2107 166 2142 iam
196 2108 359 2143 aduitest
379 2107 418 2144 G.
439 2106 515 2143 iam
535 2106 575 2141 id
599 2108 642 2141 ut
667 2108 723 2141 est
743 2105 832 2141 FZ.
859 2108 935 2140 iam
956 2107 1042 2141 utut
1067 2107 1122 2140 est
1147 2105 1368 2140 Ritschelius
1441 2104 1515 2138 iam
1535 2104 1624 2138 (lelet

94 2160 134 2195 P.
156 2160 314 2196 Weisius
327 2172 366 2206 p.
380 2163 427 2196 33
503 2160 610 2196 etsist
628 2159 801 2194 dedecori
821 2159 1054 2195 Ritschelius.
1077 2158 1147 2193 etsi
1162 2160 1220 2193 est
1234 2158 1455 2193 dedecorum
1473 2157 1560 2191 libri

94 2214 173 2259 Age
192 2214 267 2249 iam
288 2214 394 2249 etsist
409 2213 583 2249 dedecori
597 2215 834 2257 Arispachius
849 2214 870 2249 l.
886 2224 912 2248 s.
928 2224 954 2248 s.
1028 2212 1157 2257 paciar
1173 2212 1203 2246 Ο
1273 2210 1571 2246 facereinducam
1587 2210 1625 2243 D

97 2267 172 2302 Pro
196 2267 317 2303 facere
346 2268 403 2303 ‘i‘n
435 2268 521 2302 aliis
546 2267 646 2302 codd.
681 2266 770 2311 leyi’
799 2266 912 2301 facile
944 2269 1097 2301 testatur
1132 2266 1226 2300 Pius
1338 2266 1457 2298 11922.
1487 2265 1624 2306 (1191).

97 2318 188 2355 NIC.
207 2332 344 2365 praem.
365 2320 430 2356 ΒΞ.
457 2332 523 2356 om.
544 2321 694 2364 reliqui,
717 2321 794 2355 ‘nisi
812 2320 907 2365 quod
929 2323 1012 2354 ante
1030 2330 1103 2354 ras.
1129 2319 1308 2354 habuerat
1325 2328 1418 2361 pers.
1444 2321 1567 2351 notam
1589 2315 1628 2350 F

53 2379 55 2381 ’
98 2373 176 2418 Ego
204 2374 238 2408 Z
321 2385 404 2409 cum
431 2374 518 2409 libri
603 2374 670 2408 hec
697 2373 774 2409 CF
850 2372 1009 2408 accubet
1037 2372 1125 2407 FZ.
1154 2371 1350 2406 accumbet
1374 2369 1496 2404 BC'I)
1570 2369 1622 2403 in-

98 2427 223 2472 speote
253 2428 283 2462 0
394 2427 488 2474 BA.]
514 2426 543 2461 B
571 2427 626 2461 D²
749 2426 872 2462 11921‘.
903 2422 1060 2469 (119912).
1096 2425 1152 2469 Cf.
1185 2425 1399 2469 Spenyelius
1434 2423 1474 2458 T.
1504 2422 1624 2458 Maec.

99 2479 157 2515 Pl.
178 2491 219 2524 p.
246 2482 315 2515 134
341 2484 373 2515 et
397 2480 682 2516 Brachmannus
702 2491 742 2525 p.
770 2483 841 2515 167
959 2479 1149 2513 Teamabo
1175 2478 1215 2513 D
1312 2478 1387 2512 ette
1414 2475 1453 2510 D
1563 2486 1623 2509 am

98 2533 276 2578 plexabor
301 2535 340 2569 D
444 2534 670 2569 Versiculum
695 2545 776 2569 cum
800 2545 832 2569 v.
853 2536 954 2570 1200
978 2533 1104 2568 iunxit
1124 2532 1358 2574 Ritschelius,
1383 2540 1484 2574 quem
1510 2529 1625 2563 locum

99 2588 262 2631 conseras
360 2590 463 2622 1193.
491 2589 629 2631 (1192).
664 2587 782 2622 Verba
803 2586 925 2632 Caput
945 2615 952 2622 .
975 2614 981 2620 .
1005 2614 1010 2620 .
1034 2586 1160 2630 negito
1186 2584 1369 2629 superiori
1394 2583 1514 2618 versui
1540 2583 1623 2617 add.

97 2639 132 2673 B
255 2639 367 2686 NIC.]
394 2641 422 2675 P
449 2640 505 2675 D2
626 2639 747 2684 capud
775 2640 812 2673 1)
933 2638 1007 2674 BA.
1034 2639 1079 2674 B.
1118 2639 1145 2672 B
1170 2637 1238 2673 D³.
1265 2636 1389 2670 PHIL.
1419 2634 1514 2677 ΓΖ,
1541 2634 1623 2668 Rit-

98 2693 259 2729 schelius.
287 2694 333 2737 cf.
361 2693 560 2739 Seyffertus
585 2692 687 2728 Stud.
725 2692 786 2726 Pl.
808 2704 847 2737 p.
874 2696 893 2727 1
988 2691 1144 2727 Nontibi
1169 2691 1204 2725 B
1295 2690 1334 2724 in
1361 2690 1560 2723 mentemst
1586 2689 1624 2721 te

101 2745 366 2782 Fleckeisenus.
392 2746 497 2782 uenit
521 2747 561 2781 in
586 2747 750 2780 mentem
777 2746 1000 2788 (innuentem
1025 2745 1077 2789 B)
1105 2745 1192 2780 libri
1337 2742 1421 2776 Non
1452 2741 1526 2775 iam
1553 2740 1624 2774 tibi

101 2798 204 2835 uenit
228 2800 266 2835 in
292 2801 455 2835 mentem
480 2799 721 2843 Ritsehelius,
759 2799 891 2834 amabo
917 2810 960 2834 επ
985 2810 1016 2834 υ.
1046 2796 1165 2834 1192b
1197 2796 1384 2840 irrepsisse
1409 2795 1624 2829 arbitratus.

101 2851 184 2888 Non
211 2854 282 2888 tibi
314 2853 446 2888 amabo
472 2853 576 2888 uenit
606 2853 644 2887 in
680 2853 842 2887 mentem
874 2851 1087 2896 Spercyelius
1121 2851 1161 2885 T.
1191 2850 1311 2884 Mace.
1339 2847 1397 2882 Pl.
1427 2858 1466 2890 p.
1491 2848 1567 2882 232
1594 2849 1625 2881 et

103 2905 125 2940 l.
150 2916 177 2940 s.
202 2917 230 2943 s.
265 2907 349 2943 item
374 2907 450 2942 ‘nisi
473 2907 568 2951 quod
593 2907 761 2942 dimetros
786 2906 952 2941 discribit
982 2904 1130 2940 Vossius
1155 2904 1177 2937 l.
1204 2913 1230 2937 s,
1261 2912 1287 2936 s.
1413 2898 1496 2935 Non
1522 2898 1627 2934 uenit

103 2958 140 2992 in
174 2962 335 2994 mentem
371 2959 458 3003 tibi,
497 2959 630 2994 amabo
674 2959 876 2994 BIuellerus
914 2958 1016 2993 Pros.
1051 2969 1089 3001 1³-
1129 2959 1176 2989 91
1329 2953 1489 2988 Ceterum
1522 2953 1625 2987 reicit
