1946 3344
766 202 1041 237 PRAEFATIO
1614 201 1666 236 IX

138 314 264 356 rioris
286 313 552 355 coniecturae
579 326 657 366 ope
684 326 734 353 ea
761 310 1062 352 substituenda
1083 325 1190 365 quae
1211 324 1289 352 nec
1309 310 1487 365 indigna
1506 309 1663 350 Plauto

139 389 181 426 et
215 400 239 426 a
270 384 478 425 librorum
510 382 592 423 fide
623 397 711 424 non
741 382 870 422 nimis
903 381 1044 422 aliena
1076 380 1343 422 viderentur:
1381 394 1459 421 nos
1493 379 1665 434 quidem

140 458 183 496 et
213 454 561 495 membranarum
592 452 740 493 illuvie
779 465 870 493 sese
907 451 1272 506 ingurgitantium
1304 450 1462 492 vitioso
1501 451 1665 505 appeti·

137 526 202 567 tui
244 528 286 566 et
324 525 554 565 lautiorem
592 522 696 563 artis
742 521 995 562 munditiem
1037 521 1431 575 concupiscentium
1469 521 1666 562 honestis

139 596 361 638 desideriis
395 595 524 636 simul
562 593 644 635 hoc
683 592 866 634 artificio
900 592 1212 645 consuluimus,
1249 595 1298 633 nt
1335 592 1572 633 liberaliter
1603 592 1666 632 in-

137 667 321 709 staurati
370 668 523 721 poetae
574 664 769 718 exemplo
821 663 1110 704 subiceremus
1160 663 1204 704 in
1249 663 1528 704 annotatione
1580 678 1667 704 non

137 738 309 793 singula
335 737 610 778 librariorum
636 737 831 789 peccata,
864 735 938 776 sed
970 735 1165 789 integrae
1199 749 1377 776 scaenae
1411 735 1668 776 continuita-

137 812 224 851 tem
257 824 278 850 e
305 808 462 850 Vetere
490 807 633 848 codice
660 820 924 860 expressam:
956 805 1083 860 idque
1111 805 1340 847 consilium
1372 806 1418 846 in
1443 808 1666 860 posterum

136 877 460 935 tenebimus.’²³‘)

257 950 376 991 Inter
408 950 520 991 113110
541 949 771 990 editionem
805 951 847 989 et
869 948 1057 1002 priorem
1090 962 1187 989 011111
1218 948 1316 1002 plus
1349 947 1534 1002 triginta
1567 948 1668 988 anni

137 1021 384 1076 interpositi
411 1021 517 1074 sint,
548 1025 630 1075 qno
658 1022 852 1073 tempore
879 1018 1141 1060 Ritschelius
1169 1021 1210 1060 et
1235 1018 1328 1072 ipse
1356 1033 1464 1072 quae
1495 1019 1540 1058 in
1565 1018 1668 1059 Pro-

138 1093 378 1147 legomenis
411 1093 671 1146 exposuerat
703 1091 973 1132 continuavit
1010 1089 1348 1144 retractavitque
1382 1091 1425 1130 et
1459 1089 1566 1130 alios
1600 1104 1668 1131 eo-

138 1165 233 1206 dem
267 1163 408 1205 studio
440 1162 648 1216 incendit,
688 1176 775 1203 non
815 1161 958 1216 potuit
987 1175 1074 1202 non
1113 1160 1302 1214 evenire,
1341 1163 1388 1201 ut
1428 1160 1478 1201 de
1518 1161 1668 1202 multis

136 1235 242 1276 locis
268 1249 381 1275 nunc
408 1234 533 1275 aliter
554 1248 683 1287 quam
704 1233 807 1274 olim
834 1232 1112 1274 iudicaretur:
1146 1234 1275 1286 atque
1295 1246 1348 1272 ne
1369 1231 1503 1272 nimia
1527 1232 1668 1272 anxie-

138 1309 231 1348 tate
262 1305 420 1360 prioris
455 1304 655 1346 editionis
693 1318 931 1358 premerem
962 1304 1166 1359 vestigia,
1203 1302 1338 1357 ipsius
1377 1303 1669 1356 praeceptoris

140 1377 296 1431 optimi
329 1376 526 1430 exemplo
558 1375 603 1416 in
628 1375 904 1416 retractanda
930 1375 1071 1429 prima
1098 1388 1254 1416 scaena
1287 1388 1398 1416 anno
1431 1374 1540 1416 186ss
1574 1389 1669 1429 pro-

138 1449 282 1502 posito
316 1448 515 1489 effectum
548 1449 622 1488 est.

258 1518 309 1559 In
349 1517 747 1559 retractationis
793 1517 988 1572 vestigiis
1032 1516 1272 1558 indicandis
1315 1516 1500 1558 fortasse
1545 1519 1670 1558 erunt

143 1589 216 1644 qui
249 1589 362 1630 iusto
396 1588 631 1629 cautiorem
664 1602 730 1628 me
759 1587 892 1629 fuisse
926 1590 1145 1629 accusent:
1180 1590 1307 1642 atque
1334 1588 1471 1628 multo
1499 1588 1669 1642 saepius

141 1675 269 1714 quam
295 1659 481 1701 indicavi
512 1658 675 1700 factum
703 1673 806 1711 esse,
839 1662 886 1699 ut
912 1658 1020 1699 1111111
1047 1672 1309 1714 magnopere
1337 1659 1577 1700 arriderent
1602 1658 1670 1700 vel

140 1729 434 1771 Brachmanni
482 1728 645 1785 meissss)
691 1729 756 1770 vel
802 1727 1149 1785 Anspachiissssss)
1195 1729 1460 1784 suspiciones
1504 1729 1672 1771 lubenti

139 1802 283 1844 animo
315 1801 472 1842 fateor:
506 1800 619 1854 quod
650 1804 798 1841 tamen
832 1814 939 1855 quae
972 1800 1205 1842 incertiora
1230 1800 1338 1841 mihi
1365 1800 1523 1842 iterata
1556 1801 1669 1856 cogi-

143 1872 308 1913 tatione
339 1872 434 1912 visa
467 1873 568 1912 sunt
600 1871 654 1912 ab
681 1871 810 1912 huius
837 1871 1004 1925 generis
1038 1871 1225 1912 editione
1258 1872 1418 1913 exclusi
1451 1874 1493 1913 et
1526 1873 1569 1913 in
1603 1872 1671 1912 ad-

142 1943 391 1985 notationes
430 1942 576 1996 reieci‚
621 1941 664 1982 id
703 1941 934 1995 probatum
980 1941 1034 1982 iri
1073 1942 1252 1983 confido.
1322 1942 1415 1992 Qua
1453 1943 1498 1984 in
1536 1958 1579 1984 re
1618 1957 1670 1983 ne

143 2015 238 2070 quis
284 2016 397 2055 erret
435 2013 574 2054 denuo
614 2012 873 2053 monendum
912 2012 1019 2054 duco
1064 2013 1230 2054 uncinis
1271 2014 1552 2069 angularibus
1603 2028 1670 2055 me

141 2084 598 2139 interpolationes,
619 2083 786 2124 uncinis
803 2082 1109 2124 semirotundis
1130 2086 1533 2126 retractatorum
1555 2099 1671 2138 ope-

141 2171 246 2198 ram
278 2154 459 2197 indicari
489 2154 614 2197 velle.

261 2226 310 2267 In
354 2226 543 2282 plagulis
589 2225 852 2280 corrigendis
900 2228 941 2266 et
986 2226 1121 2267 oculis
1167 2228 1209 2268 et
1248 2226 1428 2283 consilio
1474 2226 1673 2280 prudenti

142 2311 209 2338 me
246 2297 446 2338 iuverunt
482 2295 777 2338 Fridericus
824 2294 1032 2338 Schoell
1073 2300 1115 2338 et
1163 2295 1381 2338 Oscarus
1425 2294 1670 2351 Seyffert,

143 2383 324 2422 quorum
364 2368 502 2409 amica
541 2382 670 2421 opera
709 2370 882 2422 praeter
922 2382 995 2409 003
1034 2368 1153 2409 10003
1198 2368 1272 2409 ubi
1312 2368 1486 2410 disertis
1527 2368 1670 2410 verbis

101 2488 103 2491 ι
142 2439 294 2480 testari
325 2438 447 2494 potui
485 2438 736 2492 saepissime
767 2452 869 2479 usus
903 2452 1010 2480 sum.
1073 2438 1190 2487 Quas
1224 2438 1397 2479 illorum
1431 2438 1671 2480 adnotatio-

274 2573 308 2617 *)
346 2573 467 2614 Quam
499 2571 709 2606 subiecerat
739 2571 965 2606 Ritschelius
1002 2571 1138 2606 codicis
1170 2570 1318 2606 Veteris
1351 2571 1555 2616 scripturae
1587 2581 1671 2605 0011-

142 2627 374 2669 tinuitatem,
413 2636 494 2660 eam
528 2627 570 2659 ut
601 2624 773 2659 tollerem
805 2625 991 2668 persuasit
1022 2625 1168 2659 infinita
1194 2624 1489 2659 coniecturarum
1522 2623 1670 2658 interim

143 2682 306 2715 ortarum
333 2679 454 2723 copia,
479 2689 592 2722 quam
618 2689 692 2712 non
716 2679 823 2722 potui
850 2689 921 2713 non
942 2689 1249 2719 commemorare3
1277 2676 1529 2721 discriptionis
1556 2676 1672 2720 igitur

143 2733 364 2768 varietatem
390 2730 465 2766 alio
490 2730 600 2764 modo
626 2730 798 2766 indicavi.

243 2786 297 2829 '⁴⁶2‘)
325 2785 378 2818 De
398 2782 625 2817 Bacchidum
645 2782 840 2818 Plautinae
861 2785 1126 2820 retractatione
1147 2784 1318 2819 scaenica
1346 2784 1471 2828 capita
1497 2783 1670 2828 quinque.

142 2839 198 2875 ed.
224 2838 322 2882 Lips.
348 2848 379 2871 a.
410 2838 512 2870 1880.

238 2890 315 2936 ***)
341 2889 395 2924 De
422 2888 651 2923 Bacchidum
677 2889 871 2925 Plautinae
904 2891 1169 2926 retractatione
1197 2889 1377 2925 scaenica.
1436 2889 1490 2924 ed.
1519 2889 1670 2924 Bonnae

144 2956 174 2979 a.
205 2947 308 2980 1882.

212 3010 338 3035 l’LAvn
357 3010 541 3036 BAccnmzs
1319 3001 1388 3037 aa*
