1946 3344
38 0 58 54 ..m

169 226 357 258 762—784
810 224 1057 260 APPENDIX
1615 228 1696 269 189

170 340 208 364 se
233 330 276 364 ut
302 329 362 375 [ut
388 326 441 375 CR]
468 330 561 363 nem
596 340 662 364 nec
695 330 784 374 quid
818 331 883 375 sit,
921 332 987 366 ubi
1018 332 1201 377 Berylcius
1236 333 1366 378 Opuse.
1399 334 1427 368 I
1448 346 1487 379 p.
1516 338 1585 369 110
1611 336 1698 370 adn.

169 383 255 417 med
283 384 376 428 (cum
396 383 545 426 Bomio)
572 383 615 416 ut
640 383 686 416 {id
713 394 790 417 sese
815 384 957 418 adirem
985 389 1094 420 antea
1111 387 1207 421 inter
1232 388 1310 422 filia
1335 392 1368 422 et
1393 388 1447 422 sic
1473 390 1616 433 aliquid
1641 390 1698 424 in-

168 437 353 471 tercidisse
389 439 494 470 ratus
529 436 652 480 (aliter
683 438 785 480 apud
811 436 1100 473 Studemundum
1135 440 1177 474 de
1203 445 1287 475 cant
1320 453 1359 485 p.
1387 443 1471 487 34),
1504 453 1588 477 moa*
1613 447 1696 479 eret.

170 490 257 524 dim.
284 500 362 524 cum
384 489 470 533 trip.
492 489 602 524 troeh.
623 490 731 524 catal.
758 501 973 534 agnoscens:
997 493 1058 526 cui
1082 493 1124 526 in
1149 494 1213 528 hoc
1238 494 1425 529 obsecutus
1445 495 1605 530 Brioeius
1631 508 1696 530 an-

168 547 226 578 tea
251 544 330 577 coll.
357 542 607 578 Studemundo
633 543 677 577 de
702 547 797 578 eant.
818 555 858 589 p.
884 547 932 579 44
943 555 1017 589 sqq.
1050 545 1163 588 (quod
1195 546 1278 581 fili-a
1311 546 1362 580 sic
1389 551 1421 582 et
1446 549 1530 582 med
1554 553 1558 589 ξ
1581 550 1623 583 ut
1648 549 1694 583 {id

168 607 248 631 sese
274 597 382 641 irem)
409 596 578 631 bacclzeos
596 607 676 630 cum
690 597 869 640 penthem.
891 598 998 633 iamb.
1019 599 1162 640 statuit,
1183 604 1311 643 postea
1331 599 1438 642 Quot}
1462 601 1566 644 uelit,
1596 602 1695 646 quod

166 649 251 684 me‘d
278 653 446 684 accersat
471 649 660 693 adiunoeit,
685 661 776 694 quae
800 651 908 685 verba
933 652 1019 686 olim
1043 652 1182 686 delebat
1202 653 1384 696 Beryloius
1409 665 1492 688 mox
1520 653 1615 696 Quid
1635 667 1698 689 ue-

166 703 211 737 lit
237 714 307 745 me,
334 703 425 746 quid
450 713 510 736 me
537 705 705 737 accersat
724 704 898 748 probans.
943 703 1102 739 Ceterum
1128 716 1157 739 v.
1187 708 1254 740 762
1288 707 1334 739 ad
1368 717 1447 741 sese
1475 718 1532 741 me
1559 710 1600 742 ut
1627 708 1694 743 Ca-

165 757 355 791 merarius.
382 767 451 798 me,
479 756 526 790 ad
553 766 632 791 sese
663 767 685 790 a
711 767 769 790 me
795 758 838 791 ut
864 757 1093 799 Gulielmius,
1120 757 1281 803 Linyius
1306 760 1349 794 cle
1372 760 1478 794 hiatu
1500 771 1537 805 p.
1566 764 1621 796 31.
1652 783 1692 786 —

174 809 214 844 V.
244 813 311 844 764
337 808 426 853 quid
453 809 507 843 rei
533 808 582 844 sit
607 809 776 845 Botlzius.

285 866 366 897 765.
403 863 461 898 De
497 864 781 908 transpositione
816 864 943 908 aliqua
977 865 1112 910 coyitat
1152 864 1348 909 Seyffertus
1385 865 1619 902 ‘Jahresberf
1658 879 1692 902 a.

165 915 302 963 1831l2
324 928 360 961 p.
387 919 436 951 46
461 917 548 951 adn.

289 974 366 1005 768.
395 970 586 1005 abstinent
611 980 722 1015 saepe
750 970 898 1015 culpam
925 971 1004 1005 coll.
1032 982 1061 1005 r.
1083 973 1158 1006 983
1183 971 1402 1007 Freundius
1426 974 1464 1007 in
1492 973 1581 1008 Lem.
1607 985 1634 1009 s.
1662 986 1693 1009 r.

167 1023 375 1059 ‘abstineo’.

285 1081 363 1112 771.
390 1076 473 1111 Nisi
493 1078 558 1111 aut
578 1077 667 1121 quid
694 1076 971 1112 commissumst
991 1077 1029 1111 CR
1056 1077 1216 1122 ‘quando
1244 1079 1471 1114 commissist
1495 1081 1559 1114 vim
1578 1081 1693 1115 Plau—

165 1132 293 1165 tinum.
347 1130 442 1165 Fuit
466 1142 547 1165 cum
573 1131 707 1166 Botliio
733 1132 822 1165 (luce
846 1131 1059 1165 conicerem:
1092 1130 1175 1164 Nisi
1201 1133 1265 1165 aut
1297 1131 1387 1176 quid
1412 1131 1476 1166 ille
1505 1134 1692 1168 commisit

165 1186 233 1219 alit
263 1183 363 1229 iurgi
401 1184 577 1219 cafisast?
631 1184 776 1219 Scilicet
808 1184 968 1219 Botlcius
1001 1185 1086 1219 olim
1121 1186 1316 1229 scripserat
1346 1184 1429 1219 Nisi
1460 1189 1525 1219 aut
1551 1186 1691 1230 aiiquid

168 1237 356 1272 commisit
376 1240 440 1272 aut
460 1237 557 1282 iurgi
579 1239 740 1281 causast,
762 1241 887 1282 postea
913 1236 993 1271 Nisi
1016 1238 1082 1271 aut
1107 1238 1196 1280 quid
1216 1236 1404 1272 commisit
1430 1239 1495 1272 aut
1514 1240 1571 1272 est
1596 1239 1693 1285 iurgi

166 1302 275 1326 causa
302 1292 383 1335 (aut
408 1293 465 1326 est
485 1302 597 1326 causa.
621 1290 719 1335 iurgi
739 1292 777 1326 R
802 1302 883 1325 cum
903 1291 1038 1336 Linyio
1065 1292 1107 1326 de
1132 1292 1238 1326 hiatu
1261 1303 1298 1336 p.
1320 1295 1379 1335 31,
1405 1293 1488 1326 item
1507 1292 1691 1328 Herman-

166 1347 268 1388 nus):
294 1349 400 1389 atque
425 1346 480 1379 ita
506 1344 718 1390 Spenqelius
738 1356 778 1388 p.
803 1347 889 1380 208.
917 1348 993 1380 279
1019 1346 1078 1390 (ef.
1104 1348 1174 1381 ,271
1204 1346 1325 1389 adn),
1359 1345 1436 1379 nisi
1461 1347 1556 1389 quod
1582 1357 1693 1381 causa

163 1397 274 1443 iurgi.
328 1397 464 1433 Contra
498 1397 686 1432 commisit
719 1397 777 1431 uir
815 1399 1017 1433 Muellerus
1052 1399 1154 1434 Pros.
1186 1410 1225 1443 p.
1254 1400 1326 1433 620
1356 1402 1389 1432 et
1422 1398 1479 1432 uir
1505 1400 1693 1433 commisit

164 1450 363 1497 Seyffertus
388 1451 522 1486 Plzilol.
552 1451 707 1485 XXIX
724 1462 763 1495 p.
791 1454 877 1495 395,
902 1453 997 1496 quod
1022 1453 1136 1486 miror
1161 1456 1193 1485 et
1217 1452 1308 1495 ipsis
1333 1454 1365 1485 ct
1390 1452 1476 1485 aliis
1496 1452 1689 1496 placuisse.

161 1504 260 1539 Nam
296 1505 336 1539 id
370 1506 490 1550 ipsum
522 1505 619 1549 quod
656 1505 728 1539 ‘vir
760 1505 948 1540 commisit'
983 1509 1034 1539 est
1060 1505 1176 1550 ‘iuryi
1207 1504 1350 1548 causa’,
1374 1508 1416 1539 ut
1440 1506 1513 1539 iam
1543 1505 1621 1540 ‘aut
1647 1526 1691 1531 —

162 1559 242 1594 aut’
272 1559 387 1594 locum
421 1569 497 1593 non
529 1559 671 1593 habeat.
724 1559 778 1601 Cf.
805 1560 856 1593 sis
887 1558 1178 1593 Studemundum
1197 1570 1238 1603 p.
1267 1561 1325 1592 46.
1376 1559 1434 1593 De
1458 1569 1489 1593 u.
1519 1562 1585 1592 772
1614 1560 1694 1603 (ulai

162 1612 201 1646 id
229 1612 405 1656 quicquid
433 1613 490 1647 est
515 1612 625 1646 etiam
650 1612 902 1655 Hermannus)
928 1613 1021 1646 adde
1046 1612 1277 1656 Spenqelium
1302 1623 1337 1655 p.
1363 1614 1448 1646 253.

283 1668 351 1699 773
366 1676 415 1710 sq.
443 1665 565 1699 uirum
592 1664 739 1699 tristem
766 1665 876 1699 uideo
904 1676 983 1699 eum
1003 1665 1137 1700 Botlzio
1159 1664 1210 1708 R,
1235 1665 1300 1699 ubi
1318 1677 1348 1699 τ.
1373 1669 1440 1699 774
1468 1676 1548 1699 cum
1567 1665 1603 1699 B
1629 1666 1693 1700 acl-

160 1720 315 1764 iunyens
337 1720 532 1763 pessimum
559 1722 673 1753 octon.
700 1719 810 1753 troelz.
850 1718 1031 1752 I'ahlenus
1061 1719 1191 1754 statuit
1216 1719 1336 1752 uirum
1363 1717 1472 1752 uideo
1499 1719 1692 1761 defendens

162 1774 318 1807 Hermae
347 1772 480 1806 XVII
506 1784 540 1816 p.
570 1774 642 1806 013
668 1772 754 1806 adn.
805 1771 862 1805 De
893 1772 1039 1805 tristem
1073 1768 1224 1805 delendo
1255 1772 1389 1815 cogitat
1419 1770 1619 1815 Vssinffl'us.
1647 1792 1690 1795 —

170 1826 209 1861 V.
233 1828 301 1860 774
328 1825 369 1859 Id
395 1828 453 1859 est
479 1825 577 1869 quod
605 1824 823 1869 suspicabar
844 1825 881 1859 'R
902 1825 1018 1859 (ledit.-
1043 1825 1235 1858 iambicam
1262 1834 1467 1858 mensuram
1488 1828 1571 1868 post
1600 1824 1691 1868 Gep-

157 1882 303 1923 pertum
329 1879 626 1914 commendarunt
651 1878 866 1924 Spera-aelius
894 1878 935 1911 T.
964 1877 1020 1910 M.
1048 1876 1090 1910 P.
1113 1888 1151 1921 p.
1180 1880 1263 1911 142.
1293 1877 1406 1919 ‘Refl’
1431 1888 1470 1921 p.
1498 1881 1579 1912 197.
1605 1880 1692 1919 231,

162 1933 335 1976 Brioeius,
361 1932 562 1966 Muellerus
581 1932 687 1966 Pros.
703 1942 743 1976 p.
765 1934 853 1974 308,
879 1931 956 1965 alii.
1009 1930 1167 1964 Ceterum
1196 1931 1361 1965 notanda
1385 1931 1529 1965 videtur
1553 1941 1691 1965 summa

160 1987 202 2020 in
226 1987 291 2020 lzoe
324 1986 466 2021 cantico
497 1986 750 2028 concinnitas,
783 1986 825 2019 in
855 1995 925 2029 quo
955 1995 986 2018 v.
1015 1986 1202 2018 753—760
1229 1985 1401 2028 (2:4:2)
1428 1988 1595 2018 accurate
1621 1995 1691 2018 res-

156 2041 320 2084 pondent
345 2051 376 2075 v.
405 2042 591 2074 764—771
621 2039 661 2082 (2
677 2040 798 2082 :4:2)
824 2037 1050 2082 sequentibus
1063 2038 1263 2081 particulis
1289 2049 1311 2071 a
1338 2036 1411 2071 Sed
1430 2037 1691 2081 incipientibus

162 2096 360 2135 761—763,
388 2096 587 2128 772—774.

282 2151 360 2182 776.
388 2146 562 2181 saluaene
599 2144 781 2189 aduenio,
819 2145 883 2179 sed
915 2156 979 2178 cur
1007 2144 1249 2179 Camerarius.
1283 2144 1481 2178 saluaene?
1519 2142 1689 2186 aduenio,

161 2199 224 2234 sed
252 2210 316 2233 cur
341 2195 557 2234 Lambinus.
597 2199 761 2233 saluaen'
788 2198 972 2233 aduenio?
999 2198 1175 2232 saluaen‘?
1209 2197 1360 2232 Pareus.
1388 2197 1549 2231 saluaen'
1576 2197 1691 2231 adue-

158 2252 246 2287 nio?
271 2253 401 2288 salman
430 2253 641 2288 Gronovius
666 2253 708 2286 in
734 2251 845 2286 Stich.
873 2252 900 2285 I
920 2254 952 2292 1,
973 2255 1018 2284 10
1041 2251 1220 2294 probante
1240 2251 1296 2285 R:
1322 2251 1367 2293 cf.
1389 2251 1437 2284 acl
1459 2250 1562 2285 Trin.
1584 2253 1688 2285 1177.

159 2306 287 2341 saluen
312 2309 393 2351 post
418 2306 655 2341 Brissonium
681 2306 724 2340 cle
749 2306 918 2348 formulis
943 2306 964 2340 l.
998 2304 1125 2347 VIII,
1153 2304 1363 2346 Gruterum,
1389 2304 1480 2337 alios
1505 2304 1574 2345 def.
1601 2303 1688 2337 Bri-

159 2361 245 2395 xius
271 2360 333 2403 (cf.
359 2360 468 2395 etiam
499 2360 673 2395 Donatus
704 2360 754 2394 acl
787 2358 867 2393 Ter.
893 2358 994 2392 Eun.
1027 2357 1062 2391 V
1086 2359 1124 2398 5,
1151 2358 1188 2399 δ’)
1225 2367 1299 2390 non
1325 2358 1438 2400 plane
1467 2357 1690 2401 persuadens

165 2412 339 2455 Vahleno,
365 2414 429 2458 qui
455 2413 497 2448 de
523 2412 682 2447 aduenio
709 2413 848 2455 confert
874 2411 985 2456 Epicl.
1015 2412 1091 2445 627
1103 2420 1152 2454 sq.

281 2469 360 2500 777.
389 2466 479 2510 quid
503 2465 568 2500 ille
596 2467 721 2500 autem
745 2469 749 2509 Ι
773 2466 838 2499 abs
865 2465 1041 2506 Brioeius,
1075 2461 1164 2507 quid
1196 2463 1260 2497 ille
1288 2464 1413 2498 autem
1441 2464 1506 2497 {ibs
1536 2463 1686 2497 Muelle-

159 2530 223 2554 rus
247 2520 350 2554 Pros.
372 2530 412 2564 p.
441 2523 524 2554 577.
551 2539 596 2545 —
622 2518 761 2553 distitit
786 2518 999 2553 Lambinus.
1052 2517 1106 2559 Cf.
1134 2517 1183 2551 acl
1208 2527 1239 2550 v.
1267 2519 1352 2551 810.

280 2575 359 2607 778.
387 2572 561 2607 uelitatin
587 2573 679 2617 (coll.
705 2571 782 2606 Ter.
810 2571 880 2606 Aa.
901 2573 988 2615 210)
1016 2571 1217 2605 Muellerus
1238 2570 1338 2604 Pros.
1361 2581 1400 2614 p.
1423 2573 1495 2604 577
1523 2580 1594 2603 non
1620 2570 1684 2603 im-

154 2627 334 2670 probante
347 2626 574 2671 Leizlolphio.
601 2624 767 2660 uelitatis
783 2626 821 2660 'R
841 2625 934 2661 Nou.
956 2636 1028 2659 exe.
1052 2625 1077 2657 I
1091 2635 1131 2668 p.
1154 2625 1222 2657 114
1240 2624 1417 2666 probante
1435 2623 1479 2657 L.
1497 2624 1685 2657 Muellero.

162 2700 202 2705 —
220 2677 342 2713 fuistis
363 2677 416 2714 g.
450 2679 512 2714 Ad
538 2679 657 2722 duo(s)
685 2679 730 2721 cf.
746 2678 1017 2713 Steulemundus
1041 2678 1082 2711 in
1103 2675 1304 2717 lVoelsl'lini
1318 2676 1426 2709 Arclz.
1449 2676 1526 2708 ῙῙῙ
1546 2688 1584 2719 p.
1602 2679 1683 2710 551.

279 2736 358 2766 784.
385 2731 484 2766 edixi
520 2732 674 2766 tandem
712 2732 783 2766 tibi
822 2730 1064 2766 Camerarius.
1106 2729 1264 2762 ‘Minus
1297 2729 1417 2772 placet
1456 2729 1608 2762 tandem
1647 2730 1686 2763 id

159 2785 259 2820 edixi
286 2785 371 2819 tibi’
400 2785 449 2819 R
491 2785 651 2820 antehac
685 2784 759 2818 iam
787 2783 884 2819 edixi
908 2783 979 2820 tibi
1006 2784 1205 2818 Muellerus
1237 2782 1339 2815 Pros.
1362 2793 1400 2825 p.
1429 2784 1512 2815 603.
1564 2782 1689 2816 Possis

158 2839 310 2874 tandem
339 2838 437 2872 edixi
462 2837 533 2872 tibi
558 2838 661 2882 prius
687 2839 764 2873 coll.
790 2838 936 2873 Trucul.
959 2840 1038 2872 780.
1094 2836 1253 2871 Ceterum
1280 2837 1325 2876 cf.
1353 2835 1511 2869 Rothius
1538 2834 1683 2878 Quaest.

157 2904 211 2937 qr.
239 2893 266 2926 I
284 2904 325 2936 p.
351 2895 370 2926 1
387 2902 458 2936 sqq.
486 2894 517 2925 et
543 2892 740 2936 Seyffertus
763 2891 878 2926 ‘BerL
893 2892 985 2935 phil.
1015 2888 1277 2924 ll'smleemchr’
1306 2899 1339 2922 a.
1362 2890 1459 2921 1⁸89
1479 2899 1518 2932 p.
1541 2891 1621 2923 691.
1640 2909 1681 2913 -—

166 2945 207 2982 V.
236 2949 302 2980 785
327 2946 405 2980 noli
429 2945 576 2979 neuter:
603 2945 648 2987 cf.
675 2944 773 2979 Rucl.
800 2947 884 2980 1954.
