1946 3344
753 199 1030 235 PRAEFATIO
1565 199 1651 234 XXI

243 308 389 351 Etiam
428 310 478 351 de
510 310 674 351 lacunis
714 323 852 363 pauca
887 311 1056 350 tantum
1099 307 1291 349 adiciam.
1355 306 1468 350 Nam
1503 309 1537 349 si
1580 309 1653 363 qui

128 381 401 422 mirabuntur
434 381 546 434 quod
580 381 718 422 multo
752 381 896 435 plures
936 395 1064 434 quam
1098 380 1262 434 priores
1301 378 1439 421 critici
1476 379 1652 421 lacunas

127 451 337 493 detexisse
364 452 468 493 mihi
495 452 611 493 visus
640 450 799 507 sumss),
830 451 936 492 illud
963 465 1107 492 secum
1132 452 1335 505 reputent
1362 450 1507 491 velim:
1539 450 1655 492 intra

125 536 358 577 paucorum
375 537 481 577 quos
496 523 809 565 Ambrosianus
830 523 1009 576 praebet
1028 536 1229 563 versuum
1252 521 1461 563 ambitum
1483 524 1655 575 praeter

126 594 266 635 locum
302 608 427 648 quem
460 609 589 648 supra
622 593 808 635 tractavi
841 593 1093 648 ampliorem
1125 592 1226 634 huic
1257 592 1331 633 uni
1365 593 1476 634 libro
1509 592 1655 634 deberi

126 679 297 707 versum
325 663 442 707 912b.
489 665 580 714 Quo
615 666 709 707 loco
741 679 867 706 nemo
901 667 1030 706 antea
1055 664 1254 705 lacunam
1289 664 1530 718 suspicatus
1563 665 1657 704 erat

128 751 177 777 ac
208 751 262 776 ne
295 750 410 777 nunc
430 736 599 790 quidem
632 737 677 777 in
702 737 796 790 ipso
824 738 1028 778 contextu
1061 735 1251 790 signavit
1270 733 1453 776 Brixius.
1501 734 1654 784 Quam-

129 822 256 861 quam
291 807 357 848 vel
399 808 488 848 sine
522 807 680 848 codicis
720 821 799 862 ope
832 806 1067 859 Nimisque
1104 805 1156 847 ad
1188 806 1333 860 priora
1370 806 1510 847 minus
1543 808 1656 846 recte

129 878 386 932 adplicatum
419 878 584 920 animos
619 879 840 920 advertere
872 877 1066 919 debebat.
1118 877 1260 927 Quare
1288 877 1496 918 eiusmodi
1530 876 1656 918 vesti-

129 950 201 1004 gia
233 952 276 990 et
308 950 352 990 in
377 950 520 991 verbis
554 952 596 990 et
627 950 672 990 in
705 949 933 990 sententiis
960 963 1055 990 cum
1082 963 1171 990 non
1195 962 1331 1002 pauca
1362 950 1537 1001 restent,
1570 962 1658 988 non

126 1021 276 1074 putavi
314 1020 426 1062 forte
457 1020 632 1062 fortuna
664 1021 706 1061 in
741 1021 800 1062 eis
833 1020 1031 1074 partibus
1076 1019 1151 1061 ubi
1192 1019 1303 1060 desit
1342 1018 1656 1060 Ambrosianus

127 1092 333 1133 maiorem
363 1106 453 1132 esse
480 1092 743 1146 reliquorum
769 1092 978 1132 librorum
1013 1090 1156 1132 ‘fidem
1183 1093 1310 1145 atque
1341 1088 1658 1132 auctoritatem'

127 1167 202 1204 aut
233 1163 343 1203 nihil
376 1163 514 1204 simile
540 1163 809 1218 temporibus
841 1167 1022 1217 utraque
1061 1162 1310 1204 recensione
1344 1162 1658 1216 antiquioribus

130 1234 354 1275 accidisse:
388 1248 648 1289 quamquam
675 1234 836 1275 multos
869 1233 995 1274 hodie
1021 1233 1155 1275 talem
1186 1232 1275 1275 fere
1309 1233 1657 1287 superstitionem

132 1305 167 1346 si
201 1320 288 1347 non
326 1306 466 1347 verbis
507 1308 551 1346 at
583 1308 697 1346 certe
729 1306 823 1360 ipsa
867 1320 911 1346 re
956 1305 1205 1359 rationeque
1256 1304 1456 1358 amplecti
1501 1304 1659 1346 videas.

129 1376 281 1431 Itaque
313 1380 361 1418 ut
393 1377 636 1431 exemplum
668 1391 864 1430 promam
898 1376 1166 1418 luculentum
1198 1391 1235 1417 v.
1268 1375 1426 1417 959311
1458 1375 1620 1416 verbis:

252 1447 295 1490 Si
329 1448 411 1489 eris
438 1463 580 1501 uerax,
612 1450 764 1489 tua'ex
789 1462 833 1496 re
862 1448 992 1489 facies
1021 1462 1071 1489 ex
1099 1448 1214 1489 mala
1240 1447 1535 1488 meliusculam

120 1534 225 1563 ,cum
247 1520 428 1561 multum
458 1534 551 1560 sese
578 1518 786 1560 torserint
810 1519 1006 1560 homines
1028 1518 1155 1572 docti,
1174 1518 1399 1560 Vahlenus
1420 1533 1556 1572 nuper
1576 1534 1660 1560 11011

130 1590 257 1632 111οά0
297 1591 398 1643 sibi,
437 1605 583 1632 verum
625 1591 756 1631 etiam
793 1588 941 1631 Brixio
975 1591 1067 1631 viro
1107 1590 1309 1644 prudenti
1350 1590 1531 1645 aliisque
1570 1604 1661 1644 per-

133 1662 267 1703 suasit
290 1662 434 1703 omnia
455 1664 568 1703 recte
591 1676 634 1702 se
662 1662 819 1703 habere
849 1661 1127 1703 distinctione
1149 1665 1248 1703 ante
1272 1662 1399 1714 facies
1430 1661 1584 1715 posita,
1615 1663 1662 1702 ut

133 1733 184 1774 ad
217 1734 347 1774 verba
379 1737 451 1775 tua
481 1747 530 1775 ex
560 1747 605 1774 re
646 1735 789 1774 mente
822 1734 1024 1787 suppleas
1058 1735 1131 1774 aut
1161 1733 1288 1785 facies
1322 1735 1397 1774 aut
1429 1732 1515 1774 erit.
1579 1730 1660 1772 Sed

132 1806 180 1845 ut
216 1805 386 1845 mittam
426 1804 629 1845 Plautum
673 1818 758 1845 non
803 1804 1036 1854 balbutire,
1083 1804 1156 1845 sed
1200 1805 1331 1846 latine
1374 1803 1509 1858 loqui,
1554 1817 1660 1857 quae

131 1876 326 1931 proxime
360 1875 653 1931 adiunguntur
683 1875 836 1916 verba:

250 1947 380 1989 Recte
402 1949 445 1988 et
464 1961 566 1988 uera
586 1947 772 2001 loquere,
795 1946 866 1987 sed
888 1961 1024 2001 neque
1046 1961 1144 1987 uere
1165 1961 1301 2001 neque
1324 1949 1369 1987 tu
1391 1949 1503 1987 recte
1526 1945 1662 1987 adhuc

250 2019 410 2060 Fecisti
443 2033 646 2072 umquam

134 2148 212 2182 und
237 2148 313 2191 sein
338 2147 518 2191 qehalte'n,
551 2147 636 2181 class
660 2146 711 2180 sie
743 2146 830 2180 dem
865 2145 1071 2189 ιφὀυίαῖεπ
1109 2147 1226 2181 alten
1267 2146 1434 2189 Herma,
1471 2147 1533 2181 der
1557 2146 1662 2180 sehon

130 2202 256 2236 vorher
282 2200 399 2244 121ff.
425 2200 492 2235 mit
523 2200 599 2234 dem
632 2199 792 2233 {orarius
821 2208 866 2233 zu
897 2199 1061 2234 soher-zen
1086 2200 1128 2233 in
1164 2201 1226 2234 der
1252 2200 1384 2235 Lewze
1409 2211 1497 2243 war,
1523 2200 1662 2234 ehenso-

132 2255 222 2289 wohl
254 2254 439 2295 ‹rustehem
473 2253 528 2287 als
558 2253 610 2287 sie
639 2262 734 2297 ‘qam
765 2252 844 2286 wnd
873 2263 941 2296 {sar
977 2253 1095 2288 nichts
1126 2253 1391 2288 Parasz‘tz'sches
1426 2253 1663 2296 e=nt71alten“):

133 2319 240 2352 quem
269 2308 314 2342 ab
341 2306 399 2341 his
425 2306 517 2341 iocis
544 2304 576 2341 si
602 2304 816 2340 discesseris
849 2305 1042 2349 acerbum,
1076 2307 1226 2349 durum,
1259 2318 1447 2342 morosum
1482 2307 1663 2350 simulque

134 2360 385 2396 molestiorem
413 2357 794 2404 importunioremque
829 2359 939 2401 atque
966 2359 1128 2395 inaniter
1155 2372 1351 2405 operosum
1383 2372 1456 2395 non
1483 2359 1561 2395 sine
1588 2361 1664 2394 arte

136 2414 376 2459 descripserit
393 2414 516 2458 poeta,
543 2411 654 2447 simul
673 2422 760 2446 vero
782 2413 819 2446 et
838 2423 1006 2448 maerore
1025 2413 1204 2448 familiari
1231 2413 1462 2454 excusaverit
1483 2415 1521 2448 et
1540 2423 1663 2448 amore

134 2469 291 2515 paterno
317 2465 557 2511 mitigaverit.

230 2521 262 2566 ²³)
290 2519 429 2555 Contra
452 2519 575 2554 nullas
602 2518 755 2553 lacunas
782 2530 983 2564 agnoscere
1010 2521 1116 2565 potui
1137 2533 1219 2556 cum
1242 2521 1325 2556 aliis
1352 2523 1436 2566 post
1455 2534 1489 2556 v.
1512 2525 1568 2555 26.
1588 2523 1662 2555 171.

135 2579 213 2610 235.
235 2579 313 2609 994.
342 2573 460 2608 Versu
481 2581 568 2606 vero
589 2576 657 2607 925
678 2572 748 2606 etsi
775 2573 1006 2616 ingeniosam
1030 2574 1193 2609 Acidalii
1215 2574 1466 2609 coniecturam
1494 2573 1664 2608 omnibus

132 2628 331 2674 probatam
345 2625 492 2670 retinui,
506 2626 632 2659 tamen
652 2625 789 2660 rectius
811 2625 848 2659 ni
864 2625 974 2661 fallor
990 2627 1035 2662 de
1058 2627 1193 2662 lacuna
1213 2627 1378 2672 cogitavi
1394 2627 1453 2671 (cf.
1471 2626 1664 2671 append.):

134 2694 221 2717 nam
247 2682 285 2716 et
309 2679 509 2715 violentior
533 2677 683 2713 videtur
708 2679 933 2723 coniectura,
959 2681 1177 2725 praesertim
1205 2691 1287 2715 cum
1308 2682 1341 2714 A
1370 2681 1402 2714 ei
1428 2691 1502 2714 non
1528 2679 1664 2723 faveat,

135 2737 172 2770 et
196 2736 280 2770 tota
297 2733 472 2779 periodus
491 2731 613 2766 minus
639 2731 800 2767 molesta
826 2734 883 2767 est
909 2743 953 2767 ex
975 2734 1144 2779 exemplo
1170 2733 1385 2779 proposito:
1415 2733 1512 2777 quod
1534 2732 1581 2766 ad
1603 2742 1665 2766 ex-

133 2788 345 2834 plicandam
373 2784 588 2821 detrimenti
613 2784 796 2830 originem
823 2785 875 2820 sic
904 2786 1096 2821 emendes:

347 2839 427 2874 Ioui
453 2838 585 2882 disque
607 2867 878 2875 ............
899 2841 1125 2874 exemerunt.

350 2892 449 2934 Quae
476 2891 597 2926 adhuc
623 2892 660 2925 te
688 2903 816 2926 carens
844 2892 930 2927 dum
957 2892 1018 2927 hic
1044 2893 1097 2926 fui
1124 2892 1378 2927 sustentabam

349 2945 488 2994 (Mala,
514 2945 591 2979 hau
617 2945 703 2979 sunt
728 2945 835 2989 mala,
863 2945 935 2980 hau
962 2947 1101 2981 frustra
1127 2956 1235 2989 quom
1264 2944 1561 2992 sustentabatur>
