1946 3344
259 241 361 275 XXll
897 237 1167 274 PRAEFATIO

259 353 386 394 sitata
412 348 715 405 haurimusffl‘?
758 348 871 390 Nam
897 348 937 389 id
967 362 1179 389 summum
1207 348 1273 388 est
1305 346 1347 387 in
1380 345 1461 388 hac
1494 344 1785 400 disputatione

260 440 354 465 mea
391 448 437 452 —
476 438 604 477 quam
642 421 767 462 facile
807 434 963 474 augere
1001 420 1125 473 potui
1166 418 1264 460 aliis
1305 417 1512 471 exemplis
1552 441 1628 471 ——‚
1673 417 1784 472 quod

259 510 343 536 non
390 495 561 549 singula
603 493 791 535 Vahleni
833 493 1078 533 commenta
1119 490 1377 531 damnantur
1416 489 1476 530 eis
1517 503 1624 544 quae
1658 489 1786 530 attuli

265 590 313 595 ——
350 565 392 606 id
426 565 537 620 quod
565 579 649 605 non
679 563 820 605 minus
850 562 943 604 aliis
972 561 1138 616 accidit,
1172 575 1265 602 cum
1301 559 1472 616 singula
1505 559 1634 601 etiam
1667 559 1785 601 illius

261 637 435 691 probari
468 635 638 691 possint
670 650 718 676 ac
748 634 971 688 probanda
999 633 1097 686 sint,
1130 632 1253 686 siqua
1287 631 1551 687 diligentius,
1583 633 1631 671 ut
1664 631 1785 684 solet,

262 707 554 749 observaverit
592 706 879 759 subtiliusque
921 730 990 758 —,
1030 704 1104 745 sed
1142 705 1236 758 ipsa
1275 704 1364 744 eius
1403 703 1516 744 ratio
1557 702 1787 743 damnatur

261 778 573 833 superstitiosa.
636 777 897 819 Liberiorem
931 791 1032 818 vero
1065 776 1277 817 rationem
1310 774 1572 829 eandemque
1606 774 1785 816 severio-

260 865 346 891 rem
381 850 591 891 lubricam
623 864 715 891 esse
748 864 796 890 ac
830 864 902 902 per
942 849 1099 889 multos
1134 847 1303 888 demum
1337 846 1507 888 labores
1540 848 1583 887 et
1614 847 1786 887 conten-

260 923 399 963 tiones
429 921 584 963 sensim
621 920 865 975 sensimque
899 919 1075 974 propius
1109 918 1159 960 ad
1193 918 1417 959 veritatem
1451 917 1624 972 perduci
1657 931 1784 972 posse

259 993 374 1035 haud
413 994 674 1049 ignoramus.
744 990 892 1046 Neque
938 993 1085 1032 tamen
1124 993 1189 1032 est
1228 989 1341 1045 quod
1381 988 1604 1030 Vahlenus
1646 987 1786 1030 rideat

261 1065 581 1119 cusquequaque
608 1078 683 1118 per
710 1078 813 1105 arva
839 1063 986 1104 critica
1012 1065 1148 1103 testas
1178 1061 1412 1103 fractarum
1445 1060 1785 1102 coniecturarum

263 1150 438 1192 sparsas
464 1133 636 1176 iacere’:
669 1149 770 1175 nam
798 1148 899 1188 prae
926 1134 992 1174 his
1020 1133 1144 1174 testis
1173 1132 1315 1173 videre
1348 1146 1435 1173 non
1467 1131 1638 1172 videtur
1669 1145 1786 1173 mon-

259 1211 323 1250 tes
359 1206 572 1261 silvasque
606 1205 937 1260 explicationum
973 1204 1315 1258 artificiosarum,
1348 1203 1627 1244 vindiciarum
1660 1202 1785 1244 inuti-

260 1279 378 1329 lium,
405 1277 698 1319 defensionum
725 1277 929 1318 inanium.
994 1275 1182 1325 Quarum
1209 1274 1425 1330 ingentem
1453 1274 1666 1315 tumulum
1692 1274 1785 1328 ipse

262 1349 461 1402 exstruit,
507 1349 584 1390 sub
625 1363 707 1403 quo
741 1348 844 1389 olim
885 1347 1130 1402 sepelietur,
1168 1350 1217 1387 ut
1256 1361 1334 1387 nos
1368 1346 1403 1387 si
1437 1346 1500 1387 dis
1531 1346 1673 1400 placet
1706 1346 1783 1387 sub

258 1421 384 1463 testis
411 1420 510 1462 illis.
574 1419 631 1461 At
657 1419 841 1461 infracta
869 1418 1062 1460 manebit
1088 1417 1152 1459 vis
1179 1417 1372 1472 rationis,
1405 1431 1531 1471 quam
1559 1432 1636 1472 pro
1669 1416 1784 1459 virili

257 1495 378 1547 parte
412 1505 752 1547 propugnamus,
792 1492 834 1531 et
866 1489 1168 1545 profligabitur
1206 1488 1421 1534 nesciendi
1463 1504 1548 1531 non
1584 1504 1672 1543 ars,
1711 1490 1783 1531 sed

257 1564 425 1604 inertia.

374 1633 512 1676 Probe
553 1633 640 1675 scio
689 1636 867 1688 propter
905 1633 1009 1674 haec
1061 1631 1302 1686 similiaque
1355 1645 1460 1686 quae
1500 1632 1624 1674 unius
1675 1633 1782 1674 veri—

257 1705 359 1747 tatis
406 1720 534 1747 causa
579 1705 720 1746 scribo
754 1704 998 1746 Vahlenuin
1045 1703 1186 1745 eiusve
1233 1703 1443 1744 satellites
1488 1703 1783 1746 vehementius

259 1777 388 1818 ctiam
417 1777 457 1817 in
487 1791 553 1817 me
580 1777 821 1817 invecturos
849 1790 950 1830 esse,
979 1789 1026 1816 ac
1045 1774 1230 1816 fortasse
1257 1774 1477 1816 invenient
1502 1789 1588 1816 non
1614 1777 1782 1817 tantum

258 1862 367 1902 quae
411 1847 538 1889 solito
585 1861 700 1889 more
740 1847 949 1902 modoque
996 1846 1239 1900 vituperent
1285 1835 1490 1901 maligne,
1537 1846 1608 1888 sed
1654 1846 1782 1888 etiam

258 1932 364 1972 quae
392 1933 468 1959 suo
496 1918 584 1959 iure
612 1918 837 1972 castigent.
901 1917 992 1966 Quo
1027 1932 1075 1958 ex
1109 1931 1261 1971 genere
1295 1932 1424 1959 unum
1453 1918 1537 1958 iam
1564 1918 1782 1973 proferen-

259 1989 355 2030 dum
385 1991 450 2030 est
475 1989 601 2044 idque
629 1990 945 2044 gravissimum,
978 1989 1090 2044 quod
1116 2003 1251 2043 nuper
1275 1990 1321 2029 in
1343 1988 1584 2030 RVDENTE
1618 1990 1782 2032 edenda

257 2060 530 2102 commissum
564 2059 718 2115 estssss).
781 2060 867 2102 Vbi
899 2062 943 2101 in
977 2062 1179 2102 contextu
1209 2085 1259 2089 —-
1289 2074 1376 2102 non
1407 2060 1452 2102 in
1486 2063 1697 2116 apparatu
1726 2087 1780 2091 -ψ

254 2131 410 2186 integri
442 2114 931 2173 interciderunt'versus
965 2131 1060 2185 duo,
1095 2147 1131 2172 v.
1164 2131 1270 2173 499:

371 2278 404 2323 ³⁸)
434 2279 512 2321 Quo
547 2279 661 2313 etiam
693 2278 786 2313 illud
819 2277 998 2323 pertinet,
1031 2276 1131 2321 quod
1158 2276 1348 2312 Vahlenus
1382 2279 1578 2324 perpaucis
1603 2280 1694 2315 locis
1716 2292 1779 2322 ,ex-

257 2332 373 2377 ceptis
402 2353 442 2357 —
470 2333 533 2367 ubi
567 2331 751 2367 interdum
787 2331 923 2365 erravit
956 2332 1069 2365 etiam
1095 2353 1139 2356 —
1166 2332 1319 2367 lacunas
1354 2343 1427 2366 non
1461 2332 1633 2377 agnoscit
1664 2334 1701 2369 in
1727 2334 1779 2369 eis

254 2385 433 2430 partibus,
461 2385 597 2429 quibus
619 2385 653 2419 A
681 2396 753 2419 non
775 2386 905 2419 exstat.
958 2384 1050 2419 Miro
1072 2385 1187 2429 igitur
1208 2397 1294 2420 casu
1316 2385 1374 2420 vcl
1396 2387 1519 2430 potius
1545 2386 1683 2431 insigni
1708 2388 1780 2423 for-

254 2439 365 2474 tunae
399 2439 578 2473 beneficio
611 2438 851 2482 integriorem
884 2438 998 2473 habet
1029 2439 1279 2473 recensionem
1307 2439 1515 2474 Palatinam
1553 2440 1600 2474 ab
1626 2440 1779 2476 Ambro-

256 2491 358 2527 siana
385 2492 613 2535 destitutam,
643 2492 777 2526 nedum
802 2491 948 2535 utrique
976 2490 1132 2526 similem
1161 2491 1345 2527 defectum
1372 2492 1524 2528 tribuat.

373 2544 427 2588 W)
457 2546 628 2580 Ceterum
648 2545 718 2579 hoc
739 2545 862 2579 nullus
883 2545 1027 2580 notavit
1047 2556 1239 2580 censorum
1260 2546 1319 2580 sat
1339 2546 1438 2581 levia
1465 2558 1507 2581 ex
1534 2549 1641 2592 parte
1668 2559 1777 2584 vana-

254 2610 324 2642 que
360 2598 636 2643 proferentium.
690 2598 779 2633 Cum
818 2599 890 2633 iam
929 2598 1009 2643 ipse
1042 2600 1079 2633 et
1112 2598 1457 2635 animadvertissem
1490 2602 1527 2636 et
1559 2613 1639 2636 cum
1679 2601 1779 2638 socio

253 2650 602 2695 communicassem,
636 2651 797 2685 humane
831 2662 894 2695 per
927 2651 1072 2686 litteras
1098 2652 1242 2687 monuit
1267 2653 1489 2688 Redslobius
1516 2654 1623 2689 simul
1650 2667 1682 2689 v.
1712 2658 1778 2689 754

254 2705 388 2740 clauis
414 2716 479 2749 pro
507 2706 651 2740 clauos
677 2715 889 2748 expressum
918 2715 996 2739 esse
1030 2705 1208 2742 indicans.
1261 2705 1346 2741 Alia
1371 2707 1502 2741 melius
1530 2708 1777 2752 complecten-

254 2760 313 2792 tur
339 2758 377 2792 in
403 2757 667 2793 Addendorum
695 2760 732 2792 et
759 2757 1067 2802 Corrigendorum
1094 2759 1270 2793 fasciculo
1298 2762 1383 2805 post
1408 2760 1617 2795 absolutam
1645 2760 1775 2795 editio-

254 2822 335 2844 nem
364 2811 538 2856 parando.
592 2811 633 2845 In
658 2811 728 2846 hac
755 2810 882 2846 fabula
907 2811 1055 2855 praeter
1088 2812 1222 2845 menda
1255 2812 1436 2856 quaedam
1462 2812 1622 2848 levicula
1649 2833 1684 2837 —
1719 2823 1776 2848 ve-

255 2863 310 2898 lut
335 2869 382 2899 21¹0
410 2877 475 2908 pro
502 2868 522 2899 A..
549 2864 587 2899 in
612 2875 729 2908 marg.
756 2877 791 2909 p.
819 2868 884 2909 36,
911 2864 1086 2899 accentus
1123 2864 1303 2907 quosdam
1330 2865 1509 2909 detritos,
1549 2877 1565 2900 s
1590 2865 1776 2901 interdum

254 2929 318 2960 pro
345 2920 367 2959 s
387 2929 597 2962 expressam
626 2939 667 2943 -—
697 2918 859 2963 corrigas
899 2918 943 2953 ad
976 2929 1009 2953 V.
1045 2922 1086 2953 57
1123 2918 1423 2963 ‘Epidamnensif
1451 2919 1521 2962 Z’,
1557 2919 1603 2954 ad
1639 2930 1671 2953 v.
1709 2923 1776 2954 195

254 2971 780 3018 gtcstim.)‘[siic]cingulu111',
802 2972 848 3007 ad
863 2984 896 3007 v.
913 2976 980 3007 380
998 2972 1208 3018 ‘Epidamno
1230 2974 1284 3009 bis
1298 2973 1370 3019 F’,
1392 2984 1424 3008 v.
1441 2975 1508 3008 515
1530 2973 1599 3010 del.
1621 2984 1776 3018 comma,
