1946 3344
295 173 381 208 VIII
921 171 1193 206 PRAEFATIO

299 282 417 323 cuius
452 282 671 336 superiore
699 283 821 335 parte
852 281 913 321 nil
939 280 1022 321 nisi
1049 281 1287 334 particulae
1315 281 1554 322 laciniatim
1579 282 1823 323 contractae

299 368 613 407 conversaeque
647 355 836 405 exstant,
876 354 975 405 post
1007 351 1189 392 mediam
1230 352 1432 406 paginam
1465 352 1593 405 paulo
1626 352 1750 405 plura
1780 352 1824 393 in

298 426 480 478 utroque
527 424 661 464 latere
707 423 791 477 legi
835 424 1038 479 possunt,
1083 423 1126 462 in
1165 425 1354 464 extremo
1400 423 1570 464 demum
1612 423 1824 477 pleniores

298 498 398 536 sunt-
436 509 597 540 versus.
660 494 811 548 Itaque
845 509 883 547 p.
918 493 1002 535 219
1038 494 1116 534 sub
1149 494 1274 534 finem
1316 492 1372 548 (V.
1407 492 1610 549 11—19)
1649 496 1750 535 sunt
1787 509 1824 536 v.

302 565 603 607 1023-1029
648 565 838 619 dispesto
883 580 918 605 v.
962 564 1016 605 14
1055 584 1110 597 =
1153 564 1264 605 1026
1307 567 1350 605 et
1392 580 1525 606 vacuo
1567 567 1614 606 ut
1657 565 1826 607 videtur

301 675 336 702 v.
374 661 438 702 18.
499 659 726 701 Praeterea
763 659 870 700 nihil
903 659 1096 700 enotavit
1127 659 1323 700 Loewius
1355 660 1437 701 nisi
1466 633 1527 709 QiJ
1560 661 1613 702 ab
1640 660 1762 702 initio
1789 676 1825 702 v.

301 732 346 785 9,
380 731 490 771 unde
524 731 664 772 effecit
697 734 771 771 aut
803 745 952 772 versus
977 731 1267 771 1018-1022
1295 731 1477 773 omissos
1511 746 1602 773 esse
1635 731 1826 785 dispesto

301 804 399 843 ante
426 817 462 843 v.
490 802 600 843 1023
627 816 749 843 versu
786 802 892 842 1017
921 826 978 831 —
1006 816 1131 855 quem
1163 802 1231 842 vix
1260 802 1486 843 credideris
1520 803 1644 844 unius
1678 817 1826 844 versus

301 873 489 927 spatium
530 873 726 914 excedere
764 897 811 902 —
849 875 922 913 aut
960 872 1071 913 inter
1110 887 1257 913 versus
1294 874 1407 915 1022
1447 877 1490 914 et
1525 874 1636 915 1023
1669 872 1826 915 ‘tauto-

300 943 438 998 logos'
461 943 592 984 alium
620 944 925 996 intercessisse,
947 943 1020 998 qui
1041 943 1339 997 quaestionem
1366 944 1620 986 indirectam
1642 959 1666 985 a
1687 945 1826 986 verbis

301 1016 346 1056 in
372 1021 610 1056 w'zemoressam
637 1016 752 1057 redeo
771 1029 891 1068 quom
917 1029 1070 1056 mecum
1095 1016 1263 1069 recoqito
1284 1015 1540 1069 pendentem
1569 1016 1830 1057 continuerit

301 1086 390 1142 (vix
429 1101 453 1126 a
493 1098 629 1135 QUASI
676 1084 915 1141 inceperit).
986 1085 1110 1127 Vnde
1150 1101 1185 1127 v.
1223 1087 1350 1128 1-8
1396 1086 1522 1128 huius
1571 1087 1754 1141 paginae
1792 1102 1828 1130 v,

305 1158 416 1199 1016
455 1158 522 1199 vel
565 1157 868 1199 1017-1022
907 1157 1156 1210 praebuisse
1196 1158 1464 1212 computavit
1505 1158 1714 1212 bipartito
1756 1161 1830 1199 aut

302 1243 386 1270 uno
425 1243 550 1270 versu
590 1231 664 1269 aut
701 1228 831 1269 etiam
870 1227 1035 1269 duobus
1080 1227 1244 1283 (1018‘.>
1279 1228 1454 1283 1019?).
1517 1228 1639 1277 Quod
1678 1243 1772 1270 cum
1806 1244 1830 1270 a

302 1299 474 1341 Loewio
509 1299 834 1354 comperissem,
872 1313 959 1340 11011
993 1299 1083 1340 sine
1117 1299 1341 1353 voluptate
1378 1300 1537 1354 excepi.
1598 1298 1683 1341 Diu
1716 1301 1830 1341 enim

304 1374 412 1424 erat,
446 1385 496 1412 ex
529 1385 612 1425 quo
647 1370 913 1412 conieceram
950 1395 996 1400 ——
1030 1370 1143 1424 quod
1176 1371 1305 1411 etiam
1338 1385 1450 1412 nunc
1482 1373 1607 1412 teneo
1640 1396 1686 1400 —
1717 1371 1831 1412 inter

302 1456 448 1483 versus
484 1442 598 1483 1022
631 1444 673 1483 et
709 1442 820 1483 1023
859 1442 1054 1483 lacunam
1095 1441 1367 1483 statuendam
1407 1456 1518 1483 esse:
1558 1456 1663 1496 quos
1695 1457 1831 1497 neque

303 1513 510 1554 violenter
556 1527 650 1554 cum
697 1513 913 1554 nonnullis
958 1513 1002 1552 in
1048 1527 1177 1553 unum
1227 1513 1404 1554 conflari
1447 1527 1572 1566 posse
1617 1513 1831 1555 crederem

304 1599 441 1638 neque
458 1599 534 1638 pro
551 1584 846 1638 dittographia
865 1583 1015 1625 haberi
1036 1598 1130 1624 cum
1152 1583 1367 1638 plerisque
1377 1584 1438 1639 *):
1460 1599 1561 1625 nam
1583 1599 1678 1626 cum
1699 1585 1831 1626 verba

303 1656 423 1708 quasi
459 1669 535 1709 per
577 1655 768 1696 nebulam
807 1670 841 1697 v,
886 1655 998 1696 1024
1042 1655 1172 1695 verbo
1215 1655 1383 1708 recoyito
1423 1670 1458 1696 V.
1498 1656 1611 1696 1022
1658 1655 1832 1710 adiungi

303 1729 536 1779 nequeunt,
573 1726 715 1767 verbis
756 1729 895 1767 autem
936 1731 980 1766 m
1011 1727 1250 1766 memoriam
1281 1727 1395 1766 redeo
1437 1726 1512 1767 illo
1546 1727 1832 1768 intercedente

306 1810 433 1850 aegre
467 1796 751 1850 adplicantur,
783 1799 875 1837 tum
909 1797 1003 1850 ipsa
1036 1796 1209 1837 exordia
1242 1797 1399 1837 similia
1434 1797 1557 1838 Nunc
1588 1798 1749 1838 demum
1780 1822 1826 1826 —

306 1867 430 1908 Nunc
461 1868 626 1920 edepol
658 1869 819 1908 demum
846 1867 993 1907 eadem
1028 1868 1115 1907 fere
1142 1868 1307 1908 ratione
1334 1867 1444 1908 inter
1478 1883 1521 1909 se
1549 1869 1832 1924 continentur,

307 1953 391 1992 qua
422 1952 571 1979 versus
605 1938 690 1979 805
712 1941 754 1978 et
775 1938 857 1979 811
892 1937 993 1978 item
1030 1952 1252 1991 perperam
1286 1953 1310 1978 a
1342 1938 1560 1979 nonnullis
1593 1954 1671 1993 pro
1703 1940 1832 1981 ditto-

307 2008 491 2063 graphia
536 2008 684 2050 habiti.
753 2008 895 2062 Atque
942 2008 1099 2048 lentius
1146 2009 1205 2049 sic
1247 2007 1493 2062 Tyndarum
1540 2024 1584 2050 se
1629 2010 1833 2065 colligere

307 2079 469 2134 optime
515 2079 715 2120 convenit
759 2094 854 2120 cum
898 2081 992 2120 tota
1036 2079 1160 2120 huius
1207 2094 1384 2120 scaenae
1430 2080 1716 2134 descriptione
1763 2080 1833 2135 (cf.

307 2150 486 2204 append.
508 2151 599 2192 crit.
621 2151 673 2191 ad
695 2166 731 2191 v,
750 2151 891 2199 1018).
944 2150 1060 2199 Quae
1089 2151 1301 2191 sententia
1327 2151 1411 2191 iam
1438 2152 1563 2205 plane
1590 2152 1834 2193 confirmari

307 2220 530 2262 videbatur
569 2221 724 2262 codicis
766 2222 1055 2275 antiquissimi
1095 2222 1355 2263 testimonio.
1419 2222 1541 2271 Quod
1581 2237 1700 2264 secus
1741 2237 1833 2264 esse

309 2292 503 2333 intellexi
536 2292 675 2346 ipsum
709 2293 865 2333 librum
898 2307 993 2333 cum
1021 2292 1285 2345 inspicerem.
1347 2292 1460 2334 Nam
1487 2297 1529 2334 et
1550 2308 1587 2335 v.
1610 2294 1676 2346 10,
1709 2308 1833 2348 quem

792 2360 803 2381 't'

308 2387 433 2427 finem
474 2401 620 2427 versus
661 2387 713 2427 ab
754 2397 813 2435 QU
852 2386 1097 2441 incipientis
1137 2387 1357 2428 continere
1397 2386 1594 2429 Loewius
1634 2388 1833 2442 opinatus

309 2460 402 2498 erat
457 2457 510 2498 ab
567 2456 691 2497 initio
749 2458 1038 2510 conscriptum
1094 2458 1226 2498 fuisse
1283 2458 1370 2499 vidi
1433 2458 1656 2513 ipsumque
1707 2469 1832 2500 NUNC

309 2539 475 2569 DEMUM
511 2527 729 2568 exordium
766 2527 969 2580 dispicere
1004 2527 1108 2568 mihi
1144 2529 1257 2568 visus
1293 2543 1404 2582 sum,
1438 2531 1480 2569 et
1513 2528 1666 2569 clarius
1703 2529 1833 2570 etiam

311 2598 510 2653 apparuit
543 2598 726 2652 primum
759 2599 942 2652 paginae
976 2612 1147 2639 versum
1178 2598 1310 2640 fuisse
1342 2615 1379 2640 v.
1405 2599 1528 2653 1015,
1560 2599 1603 2640 in
1636 2614 1718 2653 quo
1756 2611 1832 2640 FIL

311 2672 353 2710 et
392 2666 598 2725 '1*(U)O(M)
643 2669 731 2709 suis
777 2669 883 2709 locis
928 2669 1220 2722 dignoscerem
1267 2670 1391 2710 certis
1436 2682 1462 2710 L
1503 2671 1545 2710 et
1592 2681 1619 2711 Ο
1665 2670 1833 2723 litteris,

312 2754 491 2794 quocum
513 2740 597 2780 iam
619 2739 819 2781 convenit
839 2740 950 2793 quod
971 2739 1124 2779 tertius
1145 2742 1244 2793 post
1264 2740 1377 2781 hunc
1398 2755 1544 2781 versus
1567 2739 1614 2795 (4
1631 2761 1682 2773 =
1702 2738 1832 2795 1018)

404 2862 436 2906 *)
463 2861 516 2895 De
537 2862 649 2896 tertia
675 2861 816 2896 ratione
843 2860 1006 2905 cogitare
1034 2860 1183 2895 omnino
1210 2872 1283 2895 11011
1310 2863 1489 2906 poteram,
1517 2862 1715 2905 antequam
1744 2861 1831 2896 Nie-

312 2925 479 2958 meyerus
501 2915 742 2959 excogitavit:
767 2914 874 2948 nimis
895 2913 993 2948 enim
1014 2913 1153 2948 absona
1173 2915 1231 2948 est
1257 2915 1295 2948 ct
1315 2926 1336 2949 a
1355 2926 1464 2949 sensu
1493 2914 1677 2949 communi
1698 2915 1832 2951 aliena.
