1946 3344
787 186 1065 223 PRAEFATIO
1583 184 1649 219 XV
1655 183 1685 218 Π

161 301 390 343 conamina
427 299 550 340 initio
589 298 739 353 pedem
775 297 987 352 supplevi:
1026 296 1152 350 idque
1189 296 1304 336 recte
1341 308 1409 335 me
1447 293 1686 334 instituisse

158 373 256 415 inde
288 370 499 425 intellexi,
531 369 643 425 quod
675 369 788 411 inter
818 369 932 410 hunc
965 382 1136 410 versum
1163 370 1205 408 et
1237 382 1274 408 v.
1305 366 1390 408 497
1425 365 1528 407 iusti
1559 365 1687 406 inter-

165 444 320 486 cedunt
350 443 408 484 40
441 441 609 483 senarii.
670 441 839 495 Duplex
872 454 972 482 vero
1005 439 1259 494 paginarum
1293 438 1481 493 spatium
1515 438 1587 492 qui
1621 452 1688 477 ex-

161 514 406 570 plicandum
428 528 520 555 esse
547 512 744 554 videatur
769 512 1019 567 priusquam
1048 511 1268 565 explicem,
1294 510 1432 564 ipsam
1459 524 1548 550 rem
1576 523 1688 549 novo

161 588 414 642 argumento
438 583 631 626 fulciam.
681 583 794 626 Nam
814 583 916 625 illae
937 583 1114 624 lacunae
1136 582 1237 637 quin
1258 582 1370 623 inter
1393 596 1437 623 se
1458 579 1688 622 nectendae

164 659 269 712 sint,
301 657 371 699 vix
391 657 477 698 iam
511 655 749 709 dubitabis,
782 655 818 696 si
851 653 1207 695 animadverteris
1233 653 1409 694 tertium
1436 653 1507 707 qui
1528 655 1688 693 utrum-

165 744 245 784 que
284 743 455 770 versum
495 727 719 768 antecedat
755 727 861 768 item
900 725 1014 767 iusto
1056 724 1291 766 breviorem
1333 738 1424 765 esse
1465 722 1613 779 (etiam
1647 724 1691 763 in

161 798 236 857 A),
267 803 314 841 ut
345 800 426 841 hoc
460 813 626 854 quoque
660 798 754 839 loco
788 797 1058 851 corruptelae
1091 798 1237 851 aperte
1270 795 1538 837 cohaereant.
1599 794 1690 835 Iani

161 887 200 914 v.
233 872 320 913 494
353 885 448 912 cum
480 871 542 911 ita
574 871 847 923 comparatus
882 869 955 921 sit,
994 870 1042 909 ut
1072 882 1209 922 neque
1242 867 1288 907 in
1319 867 1446 908 initio
1478 881 1614 921 neque
1646 866 1692 907 in

163 943 246 984 fine
279 957 426 984 versus
460 941 650 982 defectus
684 941 827 981 sedem
861 954 1065 994 quaerere
1097 939 1331 993 possimus,
1370 938 1443 980 sed
1475 938 1519 979 in
1553 937 1692 979 medio

162 1029 309 1069 versu,
348 1029 383 1055 V.
425 1015 568 1055 autem
601 1011 688 1054 534
719 1014 798 1067 ita,
836 1014 885 1053 ut
922 1011 967 1052 in
1006 1010 1088 1052 fine
1123 1012 1235 1051 certe
1267 1009 1338 1051 vix
1378 1009 1588 1051 medelam
1622 1009 1693 1050 ad-

166 1086 334 1140 mittat,
366 1099 452 1127 non
484 1086 599 1125 recte
631 1084 755 1124 initio
789 1081 901 1139 (CH.
934 1082 1045 1135 Quid
1073 1081 1208 1124 istuc?
1253 1079 1365 1137 LA.)
1400 1081 1597 1135 supplevi
1625 1081 1695 1122 sed

166 1159 281 1199 inter
306 1170 417 1210 aqua
443 1159 486 1197 et
511 1169 667 1197 arerem
692 1154 943 1197 trochaeum
970 1152 1108 1209 (velut
1133 1154 1250 1195 aride
1274 1153 1342 1194 vel
1368 1150 1481 1208 ilico)
1508 1153 1697 1194 inserere

167 1229 387 1270 debebam.
433 1226 556 1277 Quod
579 1241 678 1268 vero
699 1227 769 1283 40,
800 1241 886 1268 non
907 1226 975 1279 20,
1007 1240 1153 1267 versus
1180 1224 1463 1278 intercedunt,
1495 1225 1563 1266 vix
1585 1227 1697 1266 recte

166 1302 209 1342 in
232 1303 321 1342 tam
345 1299 523 1354 antiquo
547 1298 691 1341 codice
719 1298 769 1340 de
796 1297 1037 1352 duplicibus
1065 1296 1272 1339 columnis
1293 1296 1454 1351 passim
1476 1294 1544 1352 (ut
1569 1297 1615 1337 in
1634 1295 1697 1352 B)

166 1372 370 1414 adhibitis
404 1370 704 1426 cogitabimus,
738 1369 812 1412 sed
845 1370 989 1425 potius
1018 1369 1071 1410 ad
1098 1369 1277 1410 duarum
1305 1368 1561 1423 paginarum
1589 1368 1698 1409 ordi—

167 1459 266 1485 nem
299 1445 609 1498 permutatum,
642 1441 870 1496 adscriptis
902 1441 1087 1482 fortasse
1121 1440 1256 1496 signis
1291 1439 1343 1480 ad
1375 1439 1699 1493 restituendum,

167 1515 362 1570 refugere
401 1514 664 1556 debebimus,
733 1512 870 1562 Quam
911 1512 1271 1567 permutationem
1317 1526 1370 1552 ne
1416 1526 1532 1553 mero
1581 1513 1696 1553 casui

169 1587 380 1642 tribuam,
414 1587 488 1628 sed
519 1586 663 1640 potius
699 1600 751 1626 ex
783 1589 926 1627 vetere
960 1584 1262 1640 dittographia
1293 1586 1496 1638 repetam,
1529 1585 1699 1639 qualem

172 1659 342 1713 saepius
387 1660 656 1700 coniunctam
703 1672 795 1699 esse
841 1671 936 1698 cum
980 1671 1178 1698 versuum
1226 1655 1409 1709 quadam
1459 1654 1700 1696 inversione

175 1733 361 1784 constat,
393 1730 484 1784 ipse
515 1730 634 1772 locus
668 1729 908 1771 accuratius
935 1743 1172 1783 perpensus
1200 1727 1362 1769 suadet.
1412 1725 1526 1768 Nam
1553 1741 1701 1768 versus

173 1802 408 1843 507—526
442 1801 722 1856 interpositos
755 1815 848 1843 esse
882 1801 916 1842 si
950 1800 1170 1853 sumimus,
1202 1799 1281 1840 hos
1309 1799 1425 1840 locos
1453 1813 1503 1839 ex
1528 1798 1608 1839 hac
1629 1813 1701 1853 pa-

172 1874 274 1929 gina
306 1876 350 1914 et
380 1873 623 1928 insequenti
655 1872 832 1927 propius
867 1885 959 1913 sese
993 1870 1207 1926 attingere
1238 1867 1550 1925 invenimusss):

172 1991 209 2018 v.
225 1974 329 2017 507:
438 1974 617 2017 Pessum
652 1973 805 2016 dedisti
837 1987 905 2014 me
931 1972 1095 2014 blandi·
1134 1972 1388 2026 v.540sqq.:
1423 1971 1519 2012 Tibi
1541 1972 1703 2013 auscul—

442 2047 598 2088 mentis
632 2047 728 2088 tuis.
1195 2042 1304 2084 tani:
1337 2044 1384 2083 tu
1421 2044 1703 2098 promittebas

228 2117 314 2159 514
330 2132 409 2173 Sq.:
442 2117 765 2160 Mendicitatem
804 2117 862 2158 mi
896 2115 1096 2171 optulisti
1196 2115 1302 2156 mihi

442 2204 573 2244 opera
604 2192 692 2240 tua,
1166 2185 1235 2227 Illi
1258 2198 1349 2227 esse
1371 2188 1595 2240 quaestum
1618 2200 1703 2227 ma—

440 2259 556 2302 Dum
589 2260 675 2302 tuis
708 2260 901 2301 ausculto
932 2259 1099 2314 magni-
1199 2272 1374 2299 xumum
1408 2257 1704 2298 meretricibus

444 2331 550 2373 dicis
583 2331 828 2373 mendaciis.
1200 2344 1234 2371 e.
1255 2344 1293 2383 q.
1314 2344 1345 2371 s.

1142 2452 1177 2478 v.
1199 2437 1285 2478 533
1301 2451 1379 2491 sq.:
1414 2436 1594 2478 Vtinam
1626 2436 1706 2476 for—

178 2502 216 2529 v.
231 2486 315 2528 523
332 2501 410 2541 sq.:
445 2485 479 2527 Ο
495 2486 646 2541 scirpe,
667 2486 804 2540 scirpe
826 2486 954 2527 laudo
971 2486 1102 2526 fortu-
1200 2510 1305 2549 tuna
1366 2522 1478 2549 nunc
1534 2507 1707 2548 anetina

444 2573 521 2599 nas
554 2561 664 2612 tuas,
1202 2582 1359 2633 uterer)

448 2629 529 2678 Qui
556 2642 723 2683 semper
750 2643 896 2669 seruas
920 2628 1103 2683 gloriam
1173 2650 1233 2692 Vb
1274 2666 1402 2705 quom
1442 2650 1621 2690 exissem
1657 2663 1703 2687 ex

449 2699 692 2742 aritudinis.

1205 2737 1316 2776 aqlla
1355 2735 1518 2762 arerem
1552 2723 1708 2761 tamen.

301 2841 334 2885 *)
369 2841 470 2883 Quae
503 2840 533 2875 si
565 2842 665 2875 recte
698 2839 847 2885 disputo
880 2839 952 2873 iam
988 2851 1029 2873 cx
1062 2838 1144 2873 1000
1178 2837 1347 2872 codicum
1383 2835 1607 2870 auctoritate
1634 2847 1706 2869 non

183 2904 332 2938 prorsus
359 2893 538 2928 destituto
564 2893 727 2928 iudicare
748 2893 888 2937 poteris
910 2893 954 2927 de
976 2891 1200 2933 rationibus,
1227 2891 1354 2933 quales
1375 2901 1491 2933 nuper
1515 2890 1708 2933 Langenus

184 2946 270 2981 iniit
297 2947 399 2982 velut
425 2947 528 2983 Stud.
558 2947 675 2983 plaut.
703 2960 736 2991 p.
766 2950 820 2981 72.

255 3012 379 3038 PnAv'rx
399 3011 529 3038 Rvntus
1407 3002 1427 3035 b
