1946 3344
274 194 358 235 124
911 195 1157 230 APPENDIX

270 290 433 335 adplicat
464 291 634 335 quaestio.
681 290 842 325 Ceterum
867 302 898 326 v.
927 294 994 325 640
1028 291 1126 335 (641)
1139 301 1188 336 sq.
1224 290 1316 326 ‘vere
1348 291 1534 326 barbaros’
1563 296 1687 327 temere
1711 303 1799 337 pro-

269 344 415 388 scripsit
448 343 640 389 Vssinyius
665 344 744 387 (ubi
769 344 811 379 (le
837 344 1033 378 eruncatus
1059 344 1277 388 coqitaverat
1303 343 1532 389 Lambinus).

366 399 432 430 648
447 407 496 441 sq.
523 396 803 432 Distinetionem
829 397 881 431 ecl.
908 400 973 433 ret.
997 395 1215 434 Gronovius,
1240 396 1308 430 alii
1332 397 1587 431 vindicarunt:
1614 398 1797 442 subrufus,

268 448 499 494 aliquantum
527 449 668 494 crispus
691 449 935 493 Camerarius,
955 449 1170 492 Lambinus,
1195 449 1369 492 Bossclia,
1394 450 1472 484 alii.
1501 449 1556 492 Of.
1576 450 1800 486 Dombartus

273 503 348 538 ‘BL
374 503 401 546 f.
429 503 459 537 b.
488 502 634 548 Gymn.⁷
665 503 801 537 XVII
825 515 856 538 a.
886 506 980 538 1881
1006 514 1042 547 p.
1066 504 1121 536 57.
1149 501 1251 537 Idem
1276 503 1363 537 ibicl.
1384 514 1424 547 p.
1440 506 1514 538 338
1539 514 1569 538 v.
1587 507 1654 537 649
1680 504 1799 539 vinoli-

270 557 377 599 cavit,
390 566 490 600 quem
506 555 702 602 Lanqenus
718 556 864 592 ‘Beitr.’
876 568 914 601 p.
930 558 1003 592 221
1019 567 1068 601 sq.
1084 556 1148 591 clel.
1165 559 1293 590 assent.
1322 555 1485 591 Wintero
1500 557 1557 591 Pl.
1568 557 1699 601 fra-qm.
1708 568 1747 602 p.
1764 561 1796 592 3.

367 613 443 644 653.
489 608 546 643 De
573 608 679 644 Satin
706 609 790 644 med
816 608 873 643 illi
899 610 965 653 (sic
989 608 1176 651 Botliius3)
1208 609 1261 644 vel
1286 620 1344 643 me
1370 608 1445 644 illis
1477 611 1598 654 (atque
1622 610 1730 645 etiam
1756 611 1798 645 cle

269 661 438 707 hocedie)
471 663 652 707 eoyitabat
677 663 897 698 Ritselielius
923 663 944 697 l.
971 673 997 698 s.
1024 673 1050 697 s.
1098 661 1203 697 Satin
1230 673 1288 696 me
1314 661 1433 696 illisce
1462 663 1665 697 BIuelkrus
1692 663 1795 698 Pros.

264 727 303 760 p.
320 719 394 752 729
422 716 633 750 assentiente
659 715 857 750 Sclimicltio
882 716 925 750 cle
944 725 1053 759 pron.
1080 715 1167 750 clem.
1189 726 1228 760 p.
1245 717 1291 750 69
1318 718 1352 750 et
1378 714 1577 750 Scliraclero
1603 716 1646 751 cle
1660 717 1794 760 partic.

270 778 340 802 -NE
366 772 426 803 ete.
446 778 483 812 p.
499 770 546 803 33
573 768 652 811 (ubi
671 767 799 802 Satine
825 768 1031 803 coniectura
1051 769 1195 803 illatum
1220 768 1413 813 improbat,
1438 769 1617 803 traditum
1638 770 1796 813 probat),

366 824 444 856 655.
483 820 691 856 Nuculeum
713 822 859 866 primus
884 822 1002 856 suasit
1030 822 1219 857 Meursius
1244 821 1379 856 Exere.
1407 822 1486 857 crit.
1515 822 1542 855 Ι
1560 833 1598 866 p.
1628 825 1675 857 57
1707 823 1796 858 conl.

273 874 377 909 Cure.
403 886 435 910 v.
464 878 520 910 55.
547 874 682 919 reliqui
708 876 777 918 cles.
805 875 855 910 H.
885 874 1018 910 Caesar
1044 875 1086 909 cle
1111 874 1169 909 Pl.
1196 885 1294 910 mem.
1322 886 1380 920 ap.
1407 875 1503 910 Non.
1531 875 1582 910 ecl.
1606 875 1795 921 Aryentor.

269 941 302 963 a.
331 930 432 964 1886
452 939 491 973 p.
517 930 567 964 25
593 929 684 964 conl.
712 928 815 963 Cure.
843 940 873 963 υ.
902 931 986 964 387,

365 984 443 1018 656,
470 981 632 1017 uorsutis
658 981 876 1017 Gulielmius
908 981 1020 1017 Veris,
1038 993 1074 1027 p.
1094 985 1169 1018 299
1188 994 1205 1018 e
1224 993 1286 1018 ms.
1307 982 1425 1026 Lany.
1454 994 1597 1016 sursum
1624 982 1794 1017 deorsum

264 1035 434 1070 Bosscha.
463 1046 590 1070 susum
616 1046 765 1069 uersum
793 1035 1050 1071 Fleckeisenus
1074 1036 1116 1071 in
1141 1037 1214 1071 ecl..·
1248 1039 1286 1071 at
1311 1036 1356 1079 cf.
1384 1047 1436 1079 ep.
1463 1036 1542 1070 crit.
1563 1046 1603 1079 p.
1634 1036 1734 1071 XII.
1753 1056 1796 1061 —

263 1089 437 1124 obleuere
451 1089 610 1124 Brioeius
636 1089 929 1124 allitterationem
955 1100 1036 1124 cum
1064 1100 1105 1124 os
1121 1110 1164 1115 —
1181 1087 1325 1125 offuciis
1346 1089 1533 1132 affectans,
1559 1099 1638 1124 cum
1659 1089 1794 1124 stolido

264 1153 407 1177 sursum
431 1143 563 1178 delens,

363 1199 444 1231 658.
488 1195 596 1230 Exite
622 1196 688 1231 clel.
721 1195 830 1230 istinc
860 1195 1071 1241 Geppertus.
1101 1216 1142 1220 —
1170 1195 1266 1229 istuc
1293 1197 1404 1239 atque
1432 1195 1647 1229 Lambinus.
1693 1194 1795 1229 istim

264 1250 376 1294 atque
404 1249 663 1284 Lachmannus
694 1249 735 1283 in
759 1248 871 1284 Lucr.
894 1260 933 1293 p.
956 1251 1026 1283 489
1053 1252 1085 1283 et
1110 1248 1330 1282 Ritselzelius
1351 1249 1480 1291 (quse.
1502 1247 1594 1291 phil.
1611 1247 1666 1281 II
1675 1258 1711 1292 p.
1727 1250 1797 1282 454

262 1304 472 1349 refrayante
499 1302 731 1337 Fleckeiscno
757 1302 895 1337 Annal.
917 1303 1009 1347 phil.
1036 1301 1145 1335 LXI
1156 1312 1196 1346 p.
1222 1305 1276 1336 18.
1301 1304 1349 1335 58
1376 1301 1453 1344 (ubi
1477 1301 1584 1335 etiam
1610 1300 1661 1335 ite
1688 1300 1796 1336 istinc

265 1357 355 1393 conl.
384 1356 494 1391 Poen.
520 1367 551 1390 v.
580 1358 678 1390 1308
703 1355 793 1398 def„-
818 1354 928 1390 istinc
955 1355 1092 1390 ecferte
1118 1355 1209 1389 coni.
1237 1353 1421 1397 Brioeius).
1460 1353 1517 1387 De
1542 1354 1650 1389 iamb.
1677 1357 1789 1389 octon.

263 1412 402 1445 servato
428 1408 538 1444 istinc
564 1411 675 1453 atque
702 1420 776 1444 non
807 1409 929 1444 debuit
964 1409 1122 1453 coqitare
1148 1407 1361 1453 Spengelius
1388 1406 1646 1452 ‘Sitzunysber
1674 1409 1737 1444 der
1762 1409 1794 1445 k.

264 1464 295 1497 b.
322 1463 459 1498 Alead?
489 1474 521 1497 a.
549 1466 648 1497 1883
673 1473 708 1506 p.
735 1464 808 1497 281
837 1463 921 1497 adn.
951 1465 992 1487 ⁵-
1026 1462 1186 1507 ligabum
1212 1464 1244 1496 et
1283 1464 1366 1495 ante
1397 1460 1626 1506 SpenyeIium
1660 1462 1794 1499 Pliilol.

267 1515 418 1550 XXIV
429 1526 469 1560 p.
485 1518 570 1559 736,
595 1516 642 1550 al.
664 1519 767 1550 erant
793 1517 856 1560 qm:
875 1516 1075 1551 conicerent
1101 1520 1133 1550 et
1153 1517 1243 1559 post
1262 1515 1366 1549 illum
1386 1514 1599 1559 Lorenzius,
1624 1515 1796 1561 BrixiuS,

267 1570 336 1604 alii
367 1569 679 1604 commendarunt:
706 1569 993 1615 lanyuiclissime,
1018 1580 1098 1604 cum
1123 1568 1310 1613 lignatum
1330 1568 1442 1611 facete
1462 1568 1607 1604 clicatur
1627 1570 1669 1604 (le
1687 1570 1792 1612 fusti-

267 1624 344 1666 bus,
367 1623 546 1667 patibulo,
578 1623 698 1666 furca,
723 1623 904 1657 similibus
931 1622 1072 1668 ‘liquis’
1103 1622 1297 1666 afferendis
1323 1621 1385 1667 (cf.
1412 1621 1497 1656 Aul.
1526 1624 1619 1666 411).
1646 1622 1795 1658 Rectius

266 1676 479 1722 Spenyelius
514 1677 535 1711 l.
562 1687 590 1711 s.
618 1686 643 1710 s.
680 1677 722 1711 (le
754 1677 926 1720 proxima
959 1686 1092 1711 scaena
1127 1687 1206 1711 cum
1242 1676 1347 1710 libris
1379 1676 1587 1719 separanda
1621 1676 1795 1721 disputat,

265 1740 373 1774 quam
405 1729 657 1764 Fleckeisenus
689 1729 915 1774 Brioeiusque
948 1730 1157 1774 acliunyunt
1193 1729 1304 1773 (unde
1335 1728 1535 1763 LORARII
1568 1729 1709 1764 adclunt
1739 1730 1794 1764 in-

265 1783 459 1827 scriptioni
484 1783 595 1817 liuius
619 1784 792 1827 scaenae).

365 1839 443 1871 659.
470 1835 617 1870 Iniicite
644 1836 857 1881 duplicabat
874 1835 1064 1879 Gruterus,
1090 1835 1289 1880 Properate
1311 1835 1566 1879 praemittebat
1583 1834 1792 1880 Geppertus.

265 1890 351 1924 huic
377 1890 544 1924 actutum
571 1888 734 1924 manicas
760 1889 917 1935 Pylades
943 1891 987 1933 (a.
1015 1901 1062 1923 m.
1089 1889 1125 1924 h.
1150 1889 1316 1924 Botliius.
1344 1900 1390 1923 m.
1412 1899 1445 1923 a.
1467 1888 1502 1923 h.
1530 1887 1794 1923 Fleckeisenus.

266 1944 300 1978 h.
327 1954 375 1978 m.
403 1952 434 1977 a.
461 1943 646 1987 Brixius).
673 1941 839 1977 manicas
865 1941 1036 1977 manibus
1072 1941 1159 1976 huic
1187 1941 1376 1977 Palmerus
1401 1942 1590 1976 Hermatli.
1624 1941 1739 1975 VIII
1760 1954 1793 1977 a.

266 1999 359 2030 1881
376 2007 416 2041 p.
432 1999 504 2031 148
530 1997 687 2041 (poterat
706 1995 792 2030 huic
818 1995 983 2030 manicas
1009 1994 1048 2029 in
1068 1997 1221 2039 manus).
1240 2015 1281 2020 ——
1297 1994 1393 2030 Ante
1412 1993 1608 2039 mastigiae
1623 1995 1795 2030 distinavit

272 2050 480 2095 Vssinyius:
507 2053 546 2084 at
571 2049 615 2092 cf.
642 2060 673 2083 v.
702 2052 784 2084 600.

361 2106 440 2137 662.
468 2102 598 2137 rustici
619 2113 731 2147 quam
757 2102 917 2137 sarriunt
937 2102 1043 2137 Prius
1063 2102 1219 2137 Botlzius
1244 2102 1394 2146 itemque
1415 2102 1480 2136 (lel.
1507 2100 1609 2146 prius
1627 2101 1790 2137 Guietus.
1824 2107 1831 2112 “

265 2156 322 2190 De
348 2154 491 2190 sariunt
516 2155 561 2198 cf.
589 2155 809 2190 Ritsclielius
828 2156 968 2201 Proleq.
992 2167 1028 2200 p.
1058 2154 1240 2198 CLXII,
1265 2154 1518 2189 Fleckeisenus
1542 2155 1680 2189 Annal.
1700 2156 1792 2200 pliil.

265 2213 289 2244 t.
308 2209 471 2243 XCVII
496 2210 542 2253 (a.
566 2209 677 2253 1808)
702 2220 739 2254 p.
760 2211 850 2253 212,
875 2209 1041 2244 Loewius
1055 2208 1165 2243 Anal.
1188 2208 1244 2243 Pl.
1260 2219 1297 2252 p.
1313 2210 1394 2242 210.
1423 2208 1480 2243 De
1506 2207 1666 2243 debebat
1679 2220 1709 2243 v.
1725 2212 1789 2244 661

265 2263 310 2305 cf.
326 2262 522 2306 Langyenus
537 2261 683 2296 ‘Beitr.'
695 2273 734 2306 p.
751 2265 838 2306 284,
865 2263 907 2297 ele
925 2262 1030 2297 verbo
1050 2261 1171 2296 dicere
1193 2261 1400 2296 collocando
1417 2260 1550 2296 Caesar
1564 2261 1585 2297 l.
1600 2272 1626 2297 s.
1641 2272 1668 2296 s.
1678 2273 1717 2306 p.
1734 2265 1792 2297 70.

362 2318 441 2349 664.
468 2314 578 2349 Attat
601 2316 643 2349 ut
668 2315 907 2350 Hermannus
932 2315 1032 2360 apud
1057 2314 1254 2350 Beckerum
1275 2314 1316 2349 cle
1342 2324 1426 2348 com.
1448 2314 1551 2349 Rom.
1577 2314 1651 2357 fab.
1669 2325 1706 2359 p.
1721 2317 1794 2349 108

266 2369 343 2413 (qui
362 2368 405 2402 cle
424 2367 508 2402 uide
529 2368 721 2403 adiciendo
742 2368 989 2413 eoqitaverat),
1002 2368 1124 2403 minus
1144 2371 1243 2412 apte:
1269 2378 1354 2402 nam
1373 2370 1554 2411 stuporem
1574 2377 1653 2402 cum
1672 2368 1793 2403 dolore

266 2420 450 2465 exprimit,
475 2430 549 2455 non
575 2431 655 2455 cum
680 2421 953 2466 incliynatione,·
978 2432 1195 2466 quamquam
1221 2432 1301 2455 cum
1322 2420 1407 2454 aliis
1421 2421 1581 2464 probant
1600 2421 1793 2456 Rielitcrus

266 2475 308 2509 (le
333 2485 402 2508 usu
424 2474 556 2517 partic.
585 2474 731 2508 oscelam.
759 2474 810 2508 ccl.
826 2474 1017 2519 Aryentor.
1045 2486 1076 2508 a.
1106 2476 1201 2509 1874
1220 2484 1259 2518 p.
1280 2475 1330 2508 25
1344 2483 1392 2517 sq.
1420 2476 1452 2507 et
1471 2473 1668 2518 Lanycnus
1688 2473 1790 2510 Stud.

267 2528 324 2562 Pl.
346 2538 384 2572 p.
410 2530 495 2562 278.
522 2527 573 2561 At
599 2537 683 2561 ecce
711 2528 752 2560 ub
777 2527 986 2572 Geppertus.
1039 2526 1143 2562 Satin
1176 2527 1217 2560 ut
1242 2527 1352 2560 homo
1379 2527 1431 2560 vel
1459 2525 1537 2560 Hoc
1565 2525 1614 2559 sis
1640 2525 1725 2560 uide
1751 2528 1793 2561 ub

268 2580 468 2615 Muellerus
494 2580 596 2614 Pros.
619 2590 658 2624 p.
686 2582 734 2613 58
760 2580 845 2614 adn.
874 2580 933 2625 (ef.
961 2581 1140 2615 Beck-erus
1167 2579 1323 2615 Stuclem.
1353 2578 1456 2614 Stucl.
1484 2579 1512 2612 I
1529 2590 1567 2623 p.
1595 2581 1697 2624 293).
1741 2579 1792 2614 At

268 2635 308 2668 ub
335 2633 452 2669 scelus
478 2632 638 2667 Brioeius
664 2633 753 2668 conl.
782 2633 868 2667 Aul.
894 2644 926 2667 v.
956 2636 1015 2668 52.
1056 2655 1098 2659 -—
1125 2633 1174 2668 Ab
1208 2635 1249 2667 ut
1280 2631 1373 2666 mihi
1406 2633 1536 2667 contra
1566 2632 1793 2667 confidenter

270 2687 423 2723 Guietus
448 2687 598 2730 itemque
623 2686 837 2730 Spenyclius
857 2687 878 2720 l.
894 2697 919 2721 s.
934 2697 961 2721 s.
977 2697 1017 2731 p.
1032 2689 1115 2730 443,
1140 2687 1204 2731 qui
1227 2689 1346 2721 tamen
1365 2686 1461 2720 bunc
1486 2697 1516 2720 v.
1537 2689 1578 2720 ut
1597 2697 1640 2720 ea:
1659 2685 1790 2721 Pseud.

267 2753 297 2776 v.
325 2743 395 2775 459
422 2740 580 2783 effictum
604 2739 694 2774 delet
719 2749 798 2774 cum
823 2740 1057 2784 sequentibus.

364 2795 442 2827 665.
476 2793 527 2827 sic
554 2802 698 2827 seruom
730 2792 897 2837 Pylades.
943 2803 1086 2826 seruom
1113 2792 1220 2826 decet
1245 2793 1329 2835 (pro
1355 2792 1480 2835 atque)
1509 2790 1671 2826 Guietus.
1717 2801 1789 2826 ser-

267 2847 393 2881 uolum
421 2849 668 2881 commemorat
692 2845 859 2881 Botliius.
906 2855 1049 2880 seruom
1075 2844 1260 2879 hominem
1289 2843 1554 2878 Fleckeisenus.
1600 2844 1791 2879 Audacius

269 2901 470 2944 Geppertus
496 2899 762 2944 Muellerusque
790 2898 894 2934 Pros.
909 2909 947 2943 p.
971 2901 1042 2933 520
1067 2909 1110 2932 coc
1130 2897 1259 2932 Pseud.
1286 2907 1318 2931 v.
1338 2899 1413 2931 460
1426 2906 1475 2940 sq.
1503 2897 1616 2931 locum
1642 2897 1790 2943 refilnqe-

269 2954 368 2996 bant,
399 2963 442 2987 ew
468 2963 619 2997 quorum
644 2952 883 2988 similitudine
914 2952 975 2987 lios
1000 2961 1122 2986 versus
1154 2951 1352 2986 damnabat
1377 2950 1624 2995 Kiesslinqizes
1650 2950 1788 2986 Annal.
