1946 3344
279 215 338 258 50
957 215 1131 252 PLAVT1
1532 217 1582 252 ΠΙ
1609 223 1640 263 4,
1668 221 1806 255 36—42

938 323 1155 358 TYNDARVS

280 383 344 425 Tu
378 385 489 425 enim
522 384 742 439 repertu's,
774 383 1065 426 Philocratem
1100 384 1171 438 qui
1205 388 1378 439 siiperes
1411 386 1666 427 ueriuerbio.

877 488 1212 524 ARISTOPHONTES

277 549 357 590 Pol
391 564 469 604 ego
503 556 549 592 ut
579 566 669 592 rem
703 549 827 591 uideo
861 552 907 591 tu
939 549 1164 604 inuentu’s,
1204 551 1306 591 uera
1338 550 1590 592 uanitlidine

279 620 364 670 Qus
394 622 632 663 eonuineas.
667 621 739 663 sed
772 635 931 674 quaeso
964 621 1106 662 hercle
1138 621 1321 675 agedum
1354 622 1496 676 {ispiee
1529 622 1582 663 ad
1614 636 1692 663 me.

936 726 1154 760 TYNDARVS

1248 785 1343 827 Em.

876 880 1215 915 ARISTOPHONTES

1357 940 1435 982 Dic
1468 941 1596 983 modo
1609 957 1617 982 :
1739 953 1807 984 570

280 1013 375 1056 Tffin
409 1027 543 1070 negas
575 1017 616 1055 te
649 1011 896 1069 Tyndarum
930 1014 1052 1056 esse?

931 1120 1150 1154 TYNDARVS

1120 1179 1160 1221 N
1164 1180 1244 1234 ego
1278 1179 1466 1234 inquam.

875 1286 1209 1320 ARISTOPHONTES

1314 1345 1410 1388 Tun
1445 1349 1486 1387 te
1520 1343 1808 1387 Philocratem

279 1405 387 1460 Esse
421 1419 513 1460 ais?

937 1488 1158 1524 TYNDARVS

564 1547 660 1602 Ego
694 1547 880 1602 inquam.

882 1640 1217 1674 ARISTOPHONTES

907 1701 1026 1742 Tiine
1058 1701 1157 1742 huic
1191 1701 1356 1743 eredis?

977 1806 1109 1841 HEGIO

960 1867 1063 1908 Phis
1097 1867 1268 1921 quidem
1302 1882 1429 1922 quam
1463 1866 1543 1908 tibi
1576 1869 1650 1908 aiit
1682 1865 1807 1907 mihi:

280 1939 392 1981 Nam
425 1938 500 1980 ssle
533 1938 722 1993 quidem,
755 1953 880 1992 quem
914 1940 959 1979 tu
992 1940 1085 1980 esse
1118 1939 1231 1980 huno
1264 1952 1489 1992 memoras,
1521 1938 1648 1979 h6die
1680 1938 1781 1978 hino

1416 2009 1525 2051 abiit
1557 1996 1727 2049 Alidem

278 2071 347 2124 Ad
379 2085 543 2136 patrem
578 2081 717 2123 huius.

374 2238 452 2269 569.
481 2233 628 2269 Nonius
647 2245 686 2277 p.
714 2236 802 2275 184,
835 2235 878 2268 2.-
928 2231 1107 2267 uanitudo
1133 2243 1200 2277 pro
1227 2232 1394 2268 uanitate
1422 2231 1576 2267 Plautus
1606 2231 1650 2276 ‘p
1661 2231 1703 2266 ol
1729 2241 1809 2276 ego

282 2315 409 2323 .....
436 2287 728 2322 uanitudine'

284 2439 362 2470 568.
389 2434 454 2467 TY
481 2445 546 2469 om.
574 2433 615 2468 Ε
684 2435 851 2478 repertus
878 2434 983 2469 libri:
1010 2444 1100 2468 corr.
1122 2434 1324 2469 Lambinus
1400 2433 1511 2479 lineri
1537 2431 1664 2467 uerbio
1686 2433 1719 2477 (1
1742 2432 1808 2466 litt.

283 2489 346 2531 er.)
374 2488 419 2521 Β.
448 2487 525 2521 ueri
551 2487 678 2521 uerbio
706 2487 780 2521 EJ
784 2486 823 2521 F
836 2487 880 2531 (²⁸)
979 2490 1058 2522 569.
1086 2486 1152 2520 AR
1177 2497 1241 2522 om.
1270 2486 1309 2520 Ε
1384 2487 1504 2521 utrem
1525 2486 1559 2520 B
1637 2485 1810 2520 inuentus

283 2541 369 2575 libri
441 2550 529 2574 uero
557 2550 579 2573 a
604 2539 821 2573 uanitudine
847 2539 995 2574 Nonius
1091 2543 1171 2575 570.
1199 2551 1312 2584 queso
1339 2538 1483 2574 ΕΕΒι
1506 2540 1634 2586 (queso
1661 2539 1738 2573 ead.
1764 2549 1808 2572 m.

281 2604 372 2638 quae
396 2605 427 2628 v.
455 2596 539 2627 566.
567 2594 655 2637 377)
727 2604 796 2637 age
823 2593 909 2626 dum
937 2592 1021 2626 BE
1092 2593 1199 2627 adme
1226 2592 1285 2626 dic
1311 2592 1419 2627 modo
1442 2591 1517 2626 JF
1586 2591 1670 2625 hen]
1697 2590 1731 2624 Z

283 2650 361 2682 571.
391 2646 472 2680 Tun
498 2656 612 2690 negas
639 2648 675 2680 te
702 2645 873 2680 Bosscha.
924 2646 975 2679 Te
1001 2656 1115 2689 negas
1141 2646 1228 2680 libri
1300 2644 1488 2679 tindarum
1509 2644 1548 2678 E
1618 2643 1736 2679 Tunte
1762 2644 1808 2678 B.

283 2702 322 2734 tu
351 2701 387 2734 te
408 2698 492 2734 ΕΖ.
518 2699 598 2733 tute
612 2698 688 2733 JF
759 2697 966 2742 Philocrate
981 2697 1020 2730 E
1039 2697 1086 2743 (ss)
1161 2701 1238 2732 57²2.
1270 2698 1273 2742 1
1294 2697 1356 2741 Jais
1371 2697 1407 2730 B
1428 2699 1462 2741 (1
1485 2697 1552 2731 litt.
1571 2697 1645 2740 eon).
1673 2696 1752 2730 aias
1773 2697 1813 2731 Ε

401 2751 467 2786 ΤΥ
494 2752 578 2787 add.
604 2751 660 2786 E²
798 2752 900 2786 Tune
925 2751 971 2786 B.
998 2752 1039 2785 tu
1064 2760 1109 2784 ne
1136 2750 1175 2783 Ε
1312 2750 1399 2784 Plus
1426 2749 1575 2794 quidem
1604 2761 1713 2795 quam
1739 2750 1808 2785 tibi

282 2807 348 2840 aut
373 2805 462 2839 mihi
488 2805 566 2839 BJ.
618 2803 705 2839 Plus
737 2804 806 2839 tibi
839 2804 989 2847 quidem
1023 2814 1132 2847 quam
1166 2803 1231 2837 aut
1261 2802 1376 2836 miehi
1403 2803 1448 2837 E.
1500 2802 1584 2837 Tibi
1616 2802 1699 2846 plus
1731 2802 1809 2846 qui-

282 2860 365 2893 dem
392 2869 501 2902 quam
535 2858 600 2893 aut
626 2857 716 2891 mihi
745 2858 786 2890 Z.
838 2857 924 2891 Plus
951 2855 1101 2900 quidem
1135 2867 1245 2899 quam
1271 2855 1340 2889 tibi
1366 2855 1457 2890 mihi
1490 2857 1555 2890 ant
1582 2855 1620 2889 F
1641 2855 1690 2900 (*)

281 2916 359 2946 573.
386 2913 427 2946 tu
454 2921 531 2945 esse
558 2911 654 2945 hune
680 2921 863 2945 memoras
888 2910 1056 2945 Rothms.
1088 2911 1129 2944 tu
1155 2910 1252 2944 hunc
1280 2920 1463 2943 memoras
1489 2910 1523 2952 (e
1543 2919 1586 2942 erc
1607 2917 1636 2939 se
1656 2911 1697 2942 ut
1721 2909 1808 2951 vicl.)

282 2975 359 2999 esse
387 2965 431 2998 R.
459 2967 498 2998 tu
525 2974 707 2999 memoras
732 2966 766 3008 (o
788 2963 842 2997 Ε2
862 2974 905 2998 ea:
924 2974 943 2997 e
966 2967 1006 2998 ut
1027 2964 1115 3007 vid.)
1141 2974 1218 2997 esse
1240 2962 1394 2997 EJFZ
1477 2961 1638 2995 aulidem
1663 2960 1742 2995 FZ
1759 2960 1807 3005 (²⁸)
