1946 3344
777 244 1047 280 PRAEFATIO
1596 247 1681 282 XXI

156 349 361 391 castellis’
401 366 532 392 unum
573 355 648 394 est.
712 352 802 394 Iam
837 369 860 394 a
892 353 1062 396 Loewio
1102 354 1235 397 discet
1272 356 1313 397 A
1351 355 1462 398 hanc
1504 357 1683 411 scriptu-

155 436 247 462 ram
284 436 370 463 non
409 423 592 465 firmare.
655 424 703 465 Id
744 424 850 466 scire
888 439 975 467 non
1007 426 1168 480 potuit:
1207 426 1279 467 sed
1313 441 1399 469 non
1432 428 1570 482 magis
1604 428 1682 470 sci-

146 495 308 535 *verunt
341 492 567 535 Ritschelii
600 494 973 550 Fleckeisenique,
1012 511 1147 552 neque
1185 501 1331 539 tamen
1370 498 1449 540 hoc
1483 499 1679 553 exemplo

156 563 208 604 ad
240 564 395 605 vitium
427 565 812 607 commendandum
839 567 963 608 abusi
996 571 1106 621 sunt,
1138 568 1181 609 id
1215 568 1328 622 quod
1360 569 1581 623 proprium
1614 573 1680 611 est

155 634 364 677 Vahleno.
428 635 623 691 Denique
651 637 825 678 tertium
854 638 972 678 addit
999 639 1241 692 exemplum
1252 639 1294 693 ²¹⁸)
1322 639 1439 681 ‘item
1467 640 1679 682 librorum

154 706 431 748 testimoniis
464 706 700 748 firmatum'
733 708 898 752 scilicet
936 708 1184 750 ‘senarium'
1217 724 1254 750 v,
1282 710 1363 751 601
1401 711 1534 763 Quam
1564 712 1680 754 hodie

154 778 278 819 vixori
308 777 459 820 cibstuli
489 778 609 832 aitque
639 778 732 820 huic
763 779 919 822 detuli
949 780 1117 822 Erotio.
1180 780 1272 822 Hoc
1304 782 1396 824 loco
1426 783 1466 823 A
1491 797 1578 824 non
1612 798 1679 824 ex-

157 851 264 902 stat,
295 848 340 891 B
373 852 514 890 autem
547 849 664 892 hodie
693 864 780 892 non
812 850 960 892 habet:
1006 852 1151 905 itaque
1190 853 1361 908 egregie
1405 853 1577 895 firmata
1616 858 1680 895 est

156 920 384 975 scriptura!
429 920 521 961 Iam
565 935 665 963 vero
709 921 806 975 ipsa
849 936 931 963 vox
975 922 1092 964 hodie
1130 923 1270 964 minus
1313 924 1505 979 quadrat.
1568 924 1677 966 Nam

155 991 258 1033 haec
290 991 421 1033 verba
454 1006 561 1046 quae
595 992 699 1034 olim
731 991 955 1035 Vahlenus
987 994 1080 1047 ipse
1115 994 1270 1048 aliique
1303 994 1568 1037 damnabant
1600 997 1680 1037 etsi

156 1063 298 1104 omitti
338 1077 424 1104 non
465 1078 592 1118 posse
625 1062 854 1118 Langenus
893 1063 1114 1118 praeclare
1157 1065 1491 1119 demonstravit,
1536 1070 1679 1107 tamen

157 1136 265 1176 mira
304 1137 421 1189 sunt,
461 1134 497 1175 si
530 1134 591 1175 sic
631 1134 882 1188 simpliciter
919 1149 1008 1176 rem
1051 1138 1223 1177 enarrat
1254 1135 1557 1177 Menaechmus
1592 1152 1679 1178 sae-

155 1207 252 1260 pius
285 1205 371 1247 iam
402 1208 645 1262 narratam,
677 1208 826 1248 contra
859 1206 1020 1260 optime
1055 1207 1287 1261 quadrant,
1326 1207 1360 1248 si
1394 1207 1522 1248 solita
1553 1207 1682 1249 iacta-

154 1278 272 1320 tione
315 1277 478 1318 furtum
524 1276 758 1331 ‘lepidum’
802 1277 939 1318 effert:
985 1278 1096 1319 unde
1136 1278 1322 1333 exempli
1361 1279 1504 1333 gratia
1549 1278 1683 1330 Quam

155 1350 357 1391 commode
381 1349 555 1403 reposui
581 1351 669 1390 tam
698 1348 779 1390 hac
805 1349 1134 1391 ratiocinatione
1164 1350 1314 1392 ductus
1344 1364 1470 1404 quam
1506 1350 1683 1392 metrica

156 1420 415 1462 condicione.
477 1419 591 1462 Nam
625 1420 863 1461 ‘senarius'
897 1421 970 1462 ille
1004 1421 1244 1476 adplicatur
1284 1421 1476 1462 dimetris
1510 1420 1682 1474 quibus-

157 1507 252 1533 cum
286 1491 525 1533 arctissime
553 1492 752 1533 cohaeret
780 1492 995 1533 sententia
1029 1493 1209 1547 ipsaque
1242 1495 1468 1546 structura,
1503 1506 1683 1546 sequun-

156 1567 227 1605 tur
266 1565 408 1604 autem
448 1563 624 1604 mutatis
664 1562 858 1616 personis
898 1564 1130 1617 anapaesti.
1196 1563 1335 1612 Quare
1376 1563 1568 1604 senarius
1610 1578 1685 1617 per

158 1649 203 1676 se
241 1649 293 1676 ne
337 1634 576 1689 probabilis
622 1634 790 1689 quidem
831 1638 915 1687 est,
956 1634 1112 1676 nedum
1161 1638 1314 1676 certus.
1378 1634 1518 1689 Atque
1558 1634 1685 1675 aliter

157 1705 471 1747 discribendum
513 1720 604 1746 esse
642 1705 755 1747 hunc
796 1720 964 1746 versum
1005 1721 1099 1747 cum
1140 1721 1189 1747 ex
1229 1705 1478 1747 testimonio
1513 1706 1683 1747 demon-

160 1777 287 1819 strari
318 1780 519 1831 nequeat,
552 1777 734 1818 feliciter
769 1776 944 1831 accidit,
976 1778 1087 1832 quod
1122 1778 1165 1818 in
1198 1776 1329 1819 simili
1366 1791 1493 1818 causa
1528 1775 1683 1817 erroris

159 1849 408 1891 convincere
441 1862 670 1902 possumus
704 1847 962 1890 Vahlenum.
1027 1847 1078 1890 V.
1099 1848 1182 1890 367
1201 1863 1259 1902 sq.
1295 1862 1369 1901 pro
1404 1848 1533 1902 longo
1566 1848 1609 1888 in
1643 1847 1685 1887 B

159 1921 364 1962 dimetros
399 1934 546 1961 omnes
573 1921 673 1974 post
699 1917 998 1961 Hermannum
1034 1919 1364 1974 discripserunt:
1399 1933 1506 1959 unus
1528 1918 1685 1960 Vahle-

159 2008 239 2034 nus
271 1995 369 2046 post
400 1990 608 2033 Bothium
641 1990 801 2032 malum
837 1991 972 2032 effecit
1007 1990 1273 2033 octonarium
1309 1988 1381 2047 (cf.
1403 1990 1534 2032 etiam
1554 1990 1580 2031 l.
1603 2005 1632 2032 s.
1657 2005 1686 2031 s,

158 2081 195 2119 p.
229 2064 315 2106 612
349 2060 480 2118 adn.):
526 2075 649 2116 quem
683 2061 768 2103 iam
805 2061 898 2116 ipse
930 2062 972 2104 A
1005 2062 1244 2117 redarguit,
1283 2076 1366 2116 quo
1400 2061 1503 2103 duce
1547 2063 1685 2103 totum

159 2136 267 2178 illud
298 2135 513 2176 canticum
539 2132 821 2174 multifariam
849 2133 1084 2175 reformare
1116 2133 1249 2175 licuit.
1313 2133 1406 2182 Quo
1440 2132 1580 2173 minus
1614 2132 1685 2172 du-

159 2207 394 2248 bitabimus
428 2205 556 2247 etiam
589 2204 678 2245 sine
711 2204 962 2246 testimonio
995 2219 1082 2246 non
1122 2204 1248 2245 modo
1283 2202 1531 2246 ‘senarium'
1565 2203 1685 2244 illum

159 2292 390 2331 removere,
435 2276 508 2318 sed
546 2276 676 2317 etiam
711 2276 820 2317 alios
854 2290 1001 2317 versus
1046 2273 1184 2332 (velut
1218 2276 1301 2317 773
1315 2274 1412 2330 sq.),
1451 2275 1500 2316 de
1535 2274 1686 2329 quibus

160 2363 384 2404 perperam
419 2347 641 2390 Vahlenus
674 2346 886 2388 iudicavit.
953 2346 1061 2395 Quid
1105 2347 1247 2388 enim?
1286 2362 1385 2388 num
1420 2346 1592 2400 putabis
1627 2360 1686 2385 sa-

161 2421 280 2463 niore
313 2420 434 2461 illum
469 2422 596 2473 atque
625 2418 814 2460 acutiore
848 2417 1002 2460 iudicio
1037 2432 1159 2459 usum
1194 2433 1297 2472 esse,
1329 2418 1402 2459 ubi
1430 2418 1471 2459 A
1499 2420 1571 2458 aut
1603 2432 1684 2457 non

163 2493 304 2533 exstat
337 2492 412 2532 aut
444 2504 568 2543 opem
601 2504 684 2531 non
719 2488 824 2542 fert,
859 2489 931 2530 sed
966 2488 1123 2530 eisdem
1156 2492 1302 2531 tamen
1336 2489 1577 2530 rationibus
1612 2487 1686 2527 im-

163 2562 342 2617 pugnari
378 2563 533 2615 potest,
567 2575 673 2615 quas
708 2560 775 2601 hic
808 2560 897 2601 illic
930 2561 1023 2614 ipsa
1056 2560 1264 2601 memoria
1298 2561 1507 2601 librorum
1540 2559 1687 2599 confir-

164 2647 279 2674 mare
313 2646 541 2687 possumus
576 2645 769 2685 quasque
813 2646 860 2672 ex
894 2631 1093 2673 universa
1126 2631 1332 2673 memoria
1365 2634 1478 2672 recte
1513 2643 1678 2682 porpen-

282 2761 315 2806 *)
345 2760 457 2803 Quasi
482 2760 562 2804 ipse
588 2759 739 2795 irrideat
771 2760 906 2795 rationi
939 2771 1025 2796 suae
1052 2781 1095 2786 —
1124 2761 1154 2795 si
1180 2761 1363 2794 rationem
1400 2757 1522 2791 dicere
1548 2756 1603 2790 fas
1633 2758 1685 2789 cst

163 2825 237 2859 qua
257 2813 483 2850 contrarium
505 2813 627 2858 potius
650 2813 808 2848 efficitur
824 2834 866 2839 —-
888 2813 994 2849 addit
1019 2814 1168 2859 singula
1195 2813 1327 2848 huius
1353 2809 1492 2854 dactyli
1519 2808 1685 2853 exempla

167 2878 296 2913 sparsa
326 2878 392 2913 per
427 2878 553 2902 omncs
587 2866 796 2902 comoedias
822 2866 996 2902 inveniri!
1032 2868 1202 2902 Ceterum
1230 2876 1272 2900 ex
1300 2863 1478 2899 eiusmodi
1506 2861 1684 2906 exemplis

165 2921 311 2956 discant
336 2920 449 2956 etiam
477 2919 560 2964 alii,
587 2920 744 2955 maxime
774 2921 928 2964 metrici,
957 2923 1096 2965 quanta
1124 2932 1215 2965 opus
1243 2918 1289 2953 sit
1316 2917 1484 2953 cautione
1512 2915 1549 2950 in
1576 2915 1685 2950 libro-

167 2987 247 3009 rum
276 2973 531 3009 Plautinorum
560 2974 814 3010 ‘auctoritate’
844 2975 1039 3010 laudanda.
