1946 3344
196 203 338 235 54-88
834 197 1082 251 APPENDIX
1640 199 1722 240 143

290 310 344 341 54.
385 317 462 340 esse
493 304 545 340 ibi
577 304 746 339 homines
773 306 962 348 praeferat
996 306 1198 340 Muellerus
1229 304 1333 340 Pros.
1360 316 1399 350 p.
1427 308 1526 350 262,
1557 305 1610 340 ibi
1644 317 1723 341 esse

194 361 253 394 tot
277 357 319 394 g
352 358 477 402 (simili
508 358 715 402 corruptela
745 361 787 392 ut
818 368 849 392 v.
875 360 939 403 23)
971 359 1060 394 conl.
1090 359 1202 394 Most.
1236 370 1267 394 v.
1294 362 1366 394 874
1397 362 1430 394 et
1455 359 1554 395 Men.
1581 370 1612 394 v.
1638 362 1723 395 259.

196 413 251 456 Cf.
278 413 518 458 Bruymanus
543 412 564 445 l.
592 422 619 446 s.
645 422 671 446 s.
693 423 732 455 p.
760 414 815 446 41.

290 469 344 500 55.
373 467 518 510 potesse
545 463 598 499 ibi
624 475 708 498 eum
734 463 838 499 breui
864 464 944 499 fieri
973 465 1142 511 Pylades.
1192 467 1339 510 potesse
1365 467 1418 501 ibi
1446 467 1525 502 fieri
1551 477 1636 501 eum
1657 467 1723 502 Ca-

173 520 383 554 ‘merarius
433 518 485 553 ibi
517 528 601 552 eum
633 519 782 562 potesse
808 517 887 552 fieri
914 519 1081 553 Bothius.
1134 519 1189 561 Cf.
1219 520 1421 554 Muellerus
1446 520 1548 555 Pros.
1574 531 1613 564 p.
1639 524 1721 555 501.

194 573 308 609 Hune
333 584 364 608 v.
392 573 489 617 (item
515 575 554 606 ut
575 583 606 606 v.
628 572 689 616 53)
716 571 784 606 clel.
811 570 975 606 Guietus.
1014 571 1072 607 De
1096 583 1126 607 v.
1149 577 1193 607 56
1220 573 1368 608 delendo
1395 574 1487 609 adde
1506 573 1724 620 Lanyenum

194 627 215 661 l.
242 637 268 662 s.
295 637 322 661 s.
345 637 383 672 p.
411 629 494 661 366.

290 683 346 714 59.
375 679 421 714 ab
449 690 491 714 eo
524 679 662 714 delebat
687 678 969 722 Kampmannus
995 678 1132 713 Annot.
1154 690 1193 723 p.
1221 681 1266 713 14
1280 690 1348 724 sq.:
1381 680 1425 723 ef.
1453 680 1725 716 Studemunclus

195 733 294 768 Ann.
316 733 408 778 phil.
439 732 595 766 CXIII
620 733 665 775 (a.
694 732 806 775 1876)
829 742 867 775 p.
896 734 956 766 68.
1014 731 1055 766 V.
1083 734 1127 765 60
1153 731 1217 766 Ait
1243 743 1280 766 se
1306 732 1520 769 Lambinus.

290 789 332 820 61
348 797 399 830 sq.
432 785 548 819 Isthio
581 786 637 819 est
666 783 830 819 Guietus.
866 805 907 808 —
940 784 1068 818 fanum
1095 784 1246 820 Veneris
1272 785 1447 831 Pylades:
1479 791 1517 822 at
1549 799 1590 822 eo
1617 789 1723 823 ritio-

196 851 294 882 sum,
324 839 419 884 quod
451 849 562 883 neque
589 838 730 872 causali
754 838 900 872 notione
931 840 1089 882 quadrat
1114 849 1225 882 neque
1251 840 1359 874 locali
1386 842 1506 886 (quam
1530 842 1724 885 probantes

193 905 224 927 v.
247 897 290 927 62
317 892 413 927 hino.
441 892 521 936 ipse
548 892 645 926 hanc
665 891 885 934 Saracenas,
910 891 1019 926 hune.
1046 891 1126 936 ipse
1152 891 1237 927 hine
1257 892 1433 938 Reieius).
1473 894 1596 929 Possis
1616 895 1722 929 etiam

193 946 319 981 fanum
347 966 392 971 ——
418 946 531 989 atque
558 945 650 979 adeo
676 945 729 979 vel
755 943 922 988 adeoque
949 944 996 979 ad
1021 956 1074 989 pr.

290 1009 345 1040 63.
372 1004 515 1040 Nauem
545 1003 759 1039 conscendit
788 1002 1029 1038 Camerarius.
1059 1024 1100 1029 —-
1128 1005 1239 1049 atque
1266 1005 1393 1040 auehit
1418 1006 1584 1053 Pylades.

291 1069 345 1100 65.
379 1065 642 1108 Lenonemque
685 1063 820 1098 abiisse
853 1063 1020 1108 Pylades.
1078 1062 1264 1098 Lenonem
1298 1064 1460 1100 abiuisse
1494 1066 1726 1101 Camerarius

195 1119 442 1163 adstipulante
461 1117 582 1153 Leone
601 1117 700 1152 Mus.
721 1117 836 1151 Rhen.
860 1116 1111 1151 XXXVIII
1122 1128 1161 1161 p.
1183 1119 1244 1153 23.
1283 1118 1414 1153 Abisse
1438 1120 1610 1154 lenonem
1630 1120 1722 1154 Her-

193 1182 361 1207 mannus.
388 1192 435 1196 —
461 1171 508 1205 ad
534 1171 683 1215 portum
705 1181 816 1215 quom
837 1169 876 1203 F
880 1170 1092 1205 leekeisenus
1113 1171 1171 1214 (ef.
1194 1171 1266 1207 Ex.
1289 1172 1345 1207 Pl.
1362 1183 1401 1217 p.
1423 1174 1483 1218 47)
1504 1174 1724 1209 adsentiente

193 1229 224 1259 et
252 1225 427 1260 Mueller-o
456 1224 559 1260 Pros.
587 1235 628 1268 p.
655 1227 729 1259 492
756 1227 788 1258 et
813 1223 1015 1258 Luebberto
1041 1225 1082 1258 cle
1110 1232 1214 1261 (ΝΟΜ
1239 1226 1330 1260 coni.
1352 1238 1392 1270 p.
1421 1229 1466 1261 64
1479 1237 1528 1271 sq.
1560 1230 1637 1262 223
1656 1237 1725 1271 sq..-

193 1280 258 1314 etsi
277 1279 419 1313 nullum
438 1278 601 1312 Plautus
619 1277 818 1322 exemplum
838 1277 948 1312 huius
966 1278 1105 1321 yeneris
1124 1278 1229 1312 habet
1248 1279 1462 1327 (Terentius
1474 1281 1560 1324 dno)
1581 1284 1724 1325 totaque

194 1332 361 1366 narratio
386 1335 484 1366 earet
508 1331 837 1367 coniunctionibus.
891 1329 945 1373 Cf.
973 1331 1022 1365 ad
1048 1342 1077 1365 v.
1105 1334 1191 1366 267.
1221 1331 1324 1367 Trin.
1351 1345 1382 1367 v.
1411 1337 1471 1377 67,
1497 1334 1543 1368 al.

290 1389 344 1419 68.
373 1387 409 1420 et
435 1385 469 1420 ei
496 1384 535 1419 F
537 1385 750 1420 leeltez'senus
775 1394 850 1418 non
876 1384 1100 1427 improbante
1126 1384 1324 1421 Ritseltelio
1353 1388 1482 1430 Cpuse.
1506 1388 1561 1421 II
1574 1399 1612 1432 p.
1635 1390 1726 1424 420.

290 1442 344 1473 70.
371 1438 467 1473 Nam
488 1438 530 1471 A.
552 1436 699 1482 signum
727 1448 807 1471 sum
834 1437 998 1471 omnium
1026 1449 1137 1482 quam
1161 1438 1330 1483 Pylades.
1373 1440 1492 1483 Nanq3
1515 1442 1555 1475 A.
1578 1441 1723 1485 signum

195 1504 226 1527 o.
256 1504 335 1526 sum
364 1492 608 1526 Camerarius.
652 1491 749 1524 Nam
775 1492 816 1524 A.
846 1502 876 1525 o.
906 1501 985 1524 sum
1012 1490 1156 1534 signum
1181 1490 1344 1526 Guietus.
1391 1492 1486 1527 Nam
1514 1493 1660 1538 signum
1680 1497 1721 1527 A.

195 1557 226 1580 o.
243 1545 495 1580 sum-Reizius.
524 1544 620 1579 Nam
635 1544 675 1578 A.
693 1543 879 1589 signorum
898 1555 927 1578 o.
944 1556 971 1578 s.
998 1543 1200 1579 Muellerus
1217 1544 1321 1579 Pros.
1329 1557 1364 1589 p.
1376 1548 1458 1590 539,
1473 1546 1721 1582 Her-mannus.

292 1608 347 1638 71.
382 1604 515 1638 Versus
540 1603 585 1638 ab
610 1604 804 1647 interprete
830 1603 931 1637 clocto
957 1603 1106 1637 additus
1132 1604 1321 1639 videbatur
1347 1605 1568 1641 Deiatelconi
1593 1607 1614 1641 l.
1641 1618 1667 1642 s.
1695 1618 1722 1641 s.

193 1670 231 1703 p.
259 1661 358 1701 278,
385 1658 449 1702 qui
473 1661 592 1692 tamen
617 1658 791 1692 rusticam
812 1658 938 1701 potius
964 1658 1222 1692 astronomiam
1248 1659 1389 1693 redolet.

292 1721 345 1752 72.
381 1717 460 1751 Huc
494 1717 583 1762 (scil.
619 1717 740 1760 eiecti)
773 1716 940 1750 Botliius.
981 1736 1024 1741 --
1063 1716 1173 1751 ambo
1206 1716 1262 1750 illi
1294 1717 1331 1751 in
1365 1729 1451 1752 saxo
1481 1718 1720 1755 Camerarius.

197 1792 238 1796 —
260 1772 419 1815 lenoque
440 1772 550 1814 atque
569 1769 731 1805 GuietuS.
755 1790 797 1793 —
819 1771 930 1813 atque
952 1770 1087 1814 hospes
1108 1769 1139 1803 is
1153 1770 1322 1816 Pylades.
1359 1774 1469 1815 atque
1491 1772 1568 1806 eius
1589 1772 1722 1817 hospes

195 1825 234 1859 F
235 1825 459 1868 leckeisenus,
478 1823 727 1859 Hermannus.
762 1823 890 1858 Posses
909 1823 1065 1867 lenoque
1087 1824 1124 1857 et
1144 1824 1294 1869 hospes:
1320 1826 1380 1859 secl
1400 1826 1611 1861 (illitteratio
1630 1837 1721 1861 eom—

195 1878 338 1913 menclat
357 1878 610 1912 traiectionem.
634 1897 676 1902 —
699 1877 817 1910 semul
840 1877 997 1912 Pareus:
1017 1878 1167 1922 itemque
1185 1886 1215 1913 v.
1239 1881 1282 1912 53
1303 1882 1334 1912 et
1354 1890 1384 1913 v.
1401 1882 1444 1913 68
1460 1878 1499 1913 F
1500 1880 1722 1915 leelceisenus.

292 1941 346 1972 73.
381 1936 611 1972 confractast
641 1935 725 1971 ibus
760 1935 1009 1980 Camerarius,
1041 1937 1082 1971 cle
1114 1948 1183 1981 quo
1215 1938 1288 1971 iam
1315 1937 1472 1973 Botln'us
1504 1943 1593 1974 reete
1625 1940 1721 1974 iudi-

197 1992 291 2025 cavit
318 1994 401 2026 ante
427 1989 657 2035 Spenyelium
682 1991 731 2024 ad
759 1989 791 2023 T
790 2000 866 2024 rue.
895 1990 923 2023 I
945 1992 983 2033 2,
1009 1992 1066 2024 24.
1112 1990 1169 2025 De
1196 1989 1247 2024 eis
1274 1992 1318 2033 ef.
1348 1991 1568 2027 Ritselzelius
1591 1993 1719 2037 Opuse.

198 2044 252 2078 II
266 2055 306 2088 p.
333 2046 403 2079 413
431 2048 463 2079 et
488 2043 750 2078 Laclwnamzus
775 2045 816 2077 in
842 2043 951 2078 Luer.
978 2054 1013 2087 p.
1040 2046 1126 2079 262.

293 2106 348 2138 77.
381 2102 482 2137 illius
515 2102 579 2147 qui
611 2103 694 2137 exul
727 2102 779 2136 ibi
805 2102 969 2138 Guietus.
1020 2102 1083 2137 ille
1115 2102 1217 2147 ipsus
1245 2104 1328 2138 exul
1355 2104 1417 2138 ubi
1444 2105 1601 2140 Botliius
1627 2107 1720 2140 olim.

196 2156 296 2190 illius
318 2157 402 2191 exul
423 2156 486 2200 qui
505 2156 559 2190 ibi
579 2167 657 2191 eum
679 2156 797 2191 eodem
812 2155 1066 2191 Fleckeisenus
1079 2156 1327 2202 Luehsiusque
1346 2159 1386 2193 in
1402 2158 1560 2194 Student.
1576 2160 1680 2195 δέκα.
1701 2162 1719 2193 l

192 2221 229 2254 p.
256 2213 302 2244 14
328 2210 387 2253 (ef.
414 2210 456 2245 de
480 2220 557 2255 qen.
583 2221 618 2254 p.
646 2210 719 2253 39).
770 2209 832 2244 Ad
857 2209 962 2244 uiuas
991 2211 1152 2254 (praeter
1177 2221 1224 2245 se.
1252 2211 1280 2244 I
1303 2214 1335 2246 3.
1363 2213 1400 2256 4)
1428 2212 1472 2255 ef.
1500 2224 1530 2247 v.
1559 2216 1639 2248 591.

293 2273 346 2304 79.
375 2268 453 2304 illio
483 2268 646 2304 Guietus.
698 2267 762 2303 ille
789 2270 846 2303 est
875 2268 1048 2313 Pareus³,
1075 2270 1232 2305 Botliius
1258 2271 1357 2315 (olim
1382 2270 1496 2316 illic),
1521 2272 1721 2307 Muellerus

199 2322 382 2357 ‘Naelitr.'
405 2334 446 2366 p.
473 2325 537 2357 44:
569 2326 607 2358 at
633 2323 677 2365 cf.
707 2322 991 2367 Kampmannus
1017 2324 1151 2359 Annot.
1181 2336 1220 2368 p.
1247 2327 1295 2360 16
1321 2325 1571 2370 Luelisiusque
1598 2327 1718 2361 Herm.

203 2376 311 2411 VIII
326 2387 365 2420 p.
394 2378 473 2410 121.

292 2432 347 2464 86.
376 2428 578 2464 Alcmaeon
603 2428 783 2463 Aleiatus.
823 2428 998 2474 Nuyatur
1019 2430 1199 2465 Bal-thius
1219 2431 1369 2466 Adi-ers.
1393 2432 1500 2466 XVI
1519 2435 1568 2467 32
1586 2444 1620 2477 p.
1639 2436 1721 2467 855.

198 2482 252 2525 Cf.
276 2482 395 2528 praef.

294 2539 349 2571 87.
378 2546 505 2570 omnes
531 2536 630 2571 tecto
658 2535 872 2570 Lambinus.
918 2536 963 2571 de
990 2538 1089 2572 tecto
1117 2549 1244 2572 omnes
1273 2537 1437 2573 Guietus.
1483 2539 1539 2572 De
1567 2539 1616 2573 ‘ta
1636 2550 1720 2582 pror

198 2590 406 2625 nuntiando
437 2590 645 2624 hariolatur
677 2590 857 2633 Berykius
886 2590 1016 2634 opusc.
1046 2591 1073 2624 I
1099 2602 1138 2635 p.
1165 2594 1246 2626 186.
1307 2591 1361 2634 Cf.
1389 2591 1608 2626 Ilitselaeele'us
1635 2591 1720 2626 Pro-

199 2645 262 2689 ley.
285 2655 323 2687 p.
353 2642 577 2685 CXXXII,
604 2643 804 2678 Muellerus
830 2643 931 2678 Pros.
954 2655 992 2688 p.
1020 2646 1093 2678 367
1106 2656 1176 2690 sqq.

293 2706 348 2737 88.
382 2701 563 2737 illustrius
598 2704 658 2747 (se.
691 2703 847 2747 tectum)
878 2704 931 2738 vel
967 2703 1207 2738 illustriorem
1247 2706 1305 2748 (se.
1344 2703 1484 2745 uillam)
1519 2703 1721 2737 Lambinus

198 2757 404 2801 obloquente
422 2755 587 2800 Riyaltio
608 2757 656 2791 acl
673 2756 881 2792 Onosandri
895 2756 1048 2801 Stratey.
1058 2769 1096 2802 p.
1112 2762 1213 2803 wsq.
1242 2756 1426 2791 111115111οι-
1446 2757 1505 2799 (-—-=
1520 2755 1720 2800 lllustrius)

197 2810 229 2844 is
256 2810 443 2844 Meursius
470 2809 601 2845 Eoeerc.
629 2810 707 2845 erit.
725 2811 751 2843 I
770 2821 809 2854 p.
835 2813 916 2845 219.
970 2810 1225 2855 Illustriusque
1256 2810 1417 2844 Guietus.
1472 2808 1631 2842 illustria
1659 2821 1723 2843 ora

199 2863 440 2898 Franckenus
472 2863 645 2899 Mnemos.
674 2863 757 2896 III
787 2864 834 2906 (a.
863 2866 974 2908 1875)
1003 2876 1042 2909 p.
1071 2867 1126 2900 37.
1185 2863 1435 2897 inlustriorem
1468 2862 1721 2906 redinteyrans

194 2918 345 2960 pessime
369 2916 477 2951 verba
504 2915 592 2960 quid
614 2943 620 2950 .
644 2945 650 2951 .
674 2944 680 2950 .
704 2943 710 2949 .
732 2916 879 2959 tegulas
900 2919 1109 2960 parenthesi
1136 2917 1284 2952 inclusit
1310 2916 1507 2960 ›S'eyfl'ertus
1533 2915 1636 2950 Stucl.
1665 2915 1721 2950 PI.

198 2981 233 3013 p.
262 2972 329 3004 24:
361 2973 399 3004 at
429 2980 539 3014 neque
570 2969 763 3012 difficilius
794 2973 825 3004 et
855 2970 1010 3013 facetius
1042 2982 1108 3006 nos
1135 2971 1192 3013 (ecc
1218 2981 1248 3004 v.
1275 2970 1336 3012 84)
1370 2971 1481 3004 mente
1505 2969 1719 3013 supplemus.
