1946 3344
764 183 1035 219 PRAEFATIO
1608 182 1676 216 VII

145 294 303 353 (111117),
336 295 535 349 ascriptis
563 294 677 335 haud
706 308 802 336 raro
838 293 882 336 V.
904 293 946 335 Ο.
975 293 1146 334 litterae
1174 292 1366 333 redeunt.
1407 291 1521 340 Quas
1549 293 1674 332 notas

144 382 239 409 cum
261 367 364 408 olim
384 369 605 420 putassem
627 365 680 406 ad
701 367 887 406 veterem
907 363 1095 405 codicem
1119 361 1355 404 Camerarii
1370 361 1447 417 (Β)
1470 366 1673 416 spectare,

145 453 327 493 quocum
357 440 613 492 exprompta
634 451 658 477 a
679 434 899 490 Scaligero
922 435 1135 489 scriptura
1157 449 1284 489 saepe
1305 434 1524 476 convenit:
1554 432 1672 487 (nam

143 511 216 551 ubi
237 510 377 551 minus
406 508 703 561 conveniebat,
732 507 775 548 in
797 521 926 548 causa
952 521 1044 547 esse
1072 506 1194 547 valde
1216 505 1442 547 obscuram
1477 506 1673 559 lectuque

145 581 366 622 difficilem
386 595 561 621 manum
577 576 867 633 suspicabarz)
887 580 1031 619 tamen
1052 581 1205 631 postea
1220 577 1415 618 intellexi
1436 591 1460 618 a
1480 576 1519 617 B
1542 576 1675 617 diver-

145 667 238 694 sum
259 652 418 693 librum
439 651 505 691 illi
525 650 570 691 in
584 651 788 704 promptu
807 649 953 703 fuisse,
974 649 1154 690 mixtam
1177 663 1197 689 e
1219 649 1332 690 bono
1349 651 1391 689 et
1410 648 1673 702 interpolato

144 737 298 779 genere
325 722 621 764 recensionem
648 723 887 775 tenentem,
919 720 991 761 sed
1026 720 1235 774 quaedam
1272 719 1402 760 etiam
1438 719 1675 774 singularia

143 795 388 847 habentem,
414 796 461 835 ut
481 809 517 835 v.
548 793 672 835 1094.
725 792 864 847 Eique
884 792 994 834 libro
1023 792 1210 833 dubitari
1235 791 1385 846 nequit
1410 791 1514 844 quin
1542 791 1673 832 etiam

143 881 229 908 non
261 866 595 908 commemorato
622 863 855 905 nonnullas
891 861 1085 918 Scaliger
1117 864 1383 904 correcturas
1417 862 1461 902 in
1505 861 1674 902 schedis

145 938 232 979 illis
265 937 474 979 Parisinis
508 936 566 991 (11.
600 934 733 991 8185)
768 934 1045 989 consignatas
1079 934 1245 988 debeat,
1277 933 1395 974 velut
1428 932 1673 985 obsequendo

146 1025 181 1052 v.
216 1010 341 1063 1082,
374 1008 643 1050 tzmzztltnauti
667 1007 831 1048 nomine
856 1021 893 1048 v.
929 1002 1061 1046 1120:
1095 1005 1238 1060 qualia
1271 1004 1460 1059 quidem,
1500 1005 1535 1045 si
1568 1004 1675 1044 nulli

145 1095 271 1136 posse
304 1081 400 1122 usui
434 1094 525 1121 esse
558 1079 815 1132 viderentur,
848 1077 1021 1118 silentio
1055 1075 1441 1130 praetermittenda
1475 1075 1585 1116 duxi.

263 1151 490 1193 Praeterea
517 1151 568 1192 de
594 1149 626 1191 B
654 1151 791 1191 restat
824 1152 870 1189 ut
895 1150 1141 1202 annotetur,
1172 1148 1454 1189 creberrimas
1488 1161 1596 1201 quae
1629 1147 1672 1187 111

146 1224 220 1265 1110
255 1226 372 1276 sunt,
413 1225 455 1264 et
487 1223 623 1263 multo
657 1220 828 1275 quidem
863 1220 1098 1261 crebriores
1141 1219 1186 1260 in
1225 1218 1511 1260 Bacchidibus
1547 1233 1672 1272 quam

149 1295 216 1335 vel
250 1295 292 1335 in
326 1294 578 1335 Trinummo
612 1294 680 1333 vel
712 1293 757 1333 in
788 1291 948 1345 Milite,
988 1294 1030 1332 et
1062 1305 1233 1332 rasuras
1267 1293 1308 1331 et
1340 1290 1528 1331 radendo
1564 1293 1680 1331 ortas

145 1366 318 1407 lacunas
369 1380 455 1406 non
501 1365 553 1406 ad
598 1363 877 1419 corrigendae
924 1363 1159 1417 scripturae
1211 1362 1437 1403 consilium
1484 1364 1677 1416 spectare

145 1451 312 1491 01111133,
355 1436 427 1478 3311
466 1450 625 1491 magna
664 1444 714 1476 e‘x
752 1438 875 1489 parte
916 1435 967 1475 ad
1006 1434 1238 1475 tollendam
1280 1433 1556 1474 membranae
1591 1448 1679 1474 sca-

145 1509 324 1549 brietem
365 1508 501 1549 factas
535 1522 638 1548 esse.
701 1506 954 1561 Quanquam
995 1506 1178 1560 singulis
1217 1506 1261 1546 in
1294 1505 1399 1546 locis
1440 1507 1581 1545 utram
1615 1519 1676 1544 ra-

146 1594 244 1620 sura
264 1594 433 1621 causam
463 1579 681 1632 habuerit,
715 1577 837 1619 valde
859 1577 1109 1631 ambiguum
1131 1591 1221 1617 esse
1248 1576 1453 1617 iudicium
1482 1573 1677 1627 solet.'‘³²'‘¹²)

238 1709 272 1752 ²²²)
300 1709 402 1743 ‘Hoc
429 1708 658 1751 exemplum,
693 1705 963 1751 Antverpiense
997 1705 1143 1740 Ioannis
1180 1705 1372 1748 Sambuci,
1413 1705 1452 1738 111
1485 1704 1632 1748 Parerg.
1663 1704 1676 1736 I

147 1774 181 1806 p.
204 1765 272 1796 575
298 1762 446 1796 narravi
474 1762 567 1796 haec
593 1761 631 1795 in
658 1760 780 1795 fronte
808 1760 949 1804 scripta
976 1758 1187 1794 ostendere:
1224 1758 1373 1793 ‘Omnia
1400 1768 1493 1801 quae
1520 1757 1558 1791 111
1584 1756 1678 1791 libro

145 1814 217 1849 isto
244 1816 424 1850 annotata
450 1816 543 1857 sunt,
575 1813 757 1858 scaligeri
784 1825 802 1848 3
829 1812 936 1847 libris
963 1813 1161 1857 descripsit
1189 1811 1456 1852 Commelinus,
1491 1813 1555 1845 aut
1582 1810 1672 1845 Gru-

145 1869 272 1903 terus?
326 1868 523 1904 Praeterea
543 1871 669 1903 autem
688 1869 726 1902 in
747 1867 951 1912 praemissa
972 1866 1055 1901 libri
1078 1866 1192 1900 indici
1213 1866 1350 1900 scheda
1370 1863 1461 1898 haec
1482 1864 1675 1908 leguntur:

147 1922 264 1964 ‘Quae
302 1921 550 1966 Hieronymus
587 1921 840 1956 Commelinus
876 1920 960 1955 heic
996 1919 1192 1955 annotauit
1227 1919 1274 1953 ad
1309 1930 1428 1961 oram,
1469 1917 1627 1962 sumpsit
1661 1931 1679 1951 e

146 1974 327 2020 Scaligeri
352 1975 497 2010 Plauto.
548 1976 598 2009 At
623 1974 739 2008 alium
773 1974 905 2009 deinde
932 1974 1107 2008 Plautum
1134 1972 1267 2007 habuit
1299 1972 1396 2006 idem
1425 1971 1589 2015 Scaliger
1615 1970 1679 2004 ubi

147 2029 325 2073 pleraque
366 2030 471 2063 erant
509 2039 601 2072 quae
642 2027 891 2072 adscripserat
930 2027 1044 2072 priori
1082 2027 1188 2061 libro.
1240 2026 1423 2070 quaedam
1463 2027 1588 2060 tamen
1627 2023 1680 2058 ibi

146 2081 299 2116 minime
327 2082 605 2126 comparebant.
656 2081 775 2116 multo
802 2083 928 2115 tamen
955 2080 1063 2124 plura
1089 2079 1242 2114 ultimus
1269 2079 1333 2113 1113
1361 2077 1681 2122 complectebatur

147 2146 241 2179 quae
267 2133 352 2169 heic
378 2146 447 2179 ego
468 2133 647 2169 Gruterus
675 2134 827 2179 ascripsi
855 2135 976 2178 (1620)
1005 2145 1087 2168 eum
1107 2134 1239 2167 nactus
1266 2144 1288 2166 a
1315 2130 1514 2176 Rutgersio
1541 2131 1680 2174 Regiae

148 2187 300 2222 Sueciae
327 2188 571 2233 magistratus
604 2188 730 2233 legato
765 2187 814 2222 ad
839 2199 966 2232 regem
994 2187 1135 2221 Bohem
1162 2187 1259 2221 miae
1288 2186 1384 2221 urus.
1436 2185 1587 2219 Interim
1616 2182 1680 2218 NB

146 2242 264 2275 multa
295 2241 349 2276 ita
382 2242 614 2277 evanuerant
646 2241 692 2276 ob
729 2241 939 2276 litterarum
974 2240 1181 2276 exilitatem
1216 2242 1254 2274 et
1287 2237 1487 2274 atramenti
1520 2238 1680 2272 colorem

145 2295 345 2332 evanidum
372 2298 415 2330 ut
440 2296 662 2331 coniecerim
688 2295 812 2341 potius
834 2295 1014 2330 nonnulla
1041 2306 1153 2339 quam
1175 2292 1462 2338 descripserim’

217 2350 270 2395 ²³³²)
304 2351 385 2384 Hac
423 2351 468 2384 de
505 2361 543 2383 re
583 2361 714 2384 moneo
747 2361 821 2384 non
854 2349 1062 2384 consentire
1097 2347 1299 2382 Hinckium
1332 2358 1415 2381 cum
1449 2344 1675 2385 Ritscheli03

146 2404 176 2438 is
199 2405 296 2439 enim
317 2403 434 2438 multo
456 2403 602 2448 saepius
624 2403 771 2437 disertis
793 2403 914 2437 verbis
936 2402 1117 2437 indicavit
1137 2401 1225 2446 quid
1245 2400 1479 2435 intercidisse
1507 2400 1677 2434 videatur

150 2460 214 2493 aut
240 2457 473 2492 intercidisse
499 2456 628 2501 possit.
680 2456 793 2490 Velut
818 2468 850 2492 V.
880 2460 922 2491 97
956 2457 1040 2501 post
1065 2456 1113 2490 sit
1138 2466 1253 2489 meum
1286 2466 1428 2489 erasum
1459 2455 1515 2488 est
1541 2454 1588 2487 sit
1616 2452 1675 2497 (cf.

147 2524 179 2547 v.
207 2515 271 2555 99,
304 2510 367 2545 ubi
393 2511 480 2545 dare
506 2510 562 2544 bis
590 2508 771 2554 scriptum
798 2511 856 2544 est
888 2511 926 2543 et
957 2508 1079 2554 priore
1112 2509 1194 2543 loco
1228 2508 1367 2542 lineola
1399 2507 1581 2542 subducta
1615 2505 1675 2538 de-

146 2565 280 2609 letum,
306 2577 340 2600 v.
372 2566 471 2609 162);
499 2563 543 2598 cf.
571 2577 603 2598 v.
632 2568 712 2607 304,
739 2567 818 2606 349,
849 2568 949 2599 1093.
1000 2564 1056 2598 Ab
1083 2563 1157 2597 illis
1185 2562 1275 2597 locis
1302 2562 1459 2607 profecti
1485 2561 1545 2594 vix
1572 2560 1675 2593 dubi-

146 2619 328 2662 tabimus,
357 2617 446 2663 quid
474 2617 519 2652 de
539 2617 596 2652 his
619 2617 876 2661 similibusque
898 2617 1039 2652 lacunis
1060 2617 1282 2651 iudicemus:
1312 2627 1343 2651 v.
1374 2620 1440 2649 108
1468 2615 1676 2657 (inlectam),

152 2676 216 2707 130
243 2673 434 2716 (mentem),
466 2675 536 2706 203
563 2672 642 2715 (ubi
667 2672 738 2716 ea),
773 2675 840 2706 225
867 2673 974 2714 (nec),
1007 2675 1074 2705 245
1102 2671 1303 2713 (salutem),
1337 2672 1405 2702 424
1440 2668 1572 2711 (quai),
1607 2670 1675 2700 463

148 2727 269 2770 (tace),
296 2728 362 2759 461
392 2726 595 2768 (triduum),
624 2728 692 2759 480
719 2726 871 2768 (labra),
898 2728 966 2759 490
994 2725 1153 2770 (perire),
1180 2727 1248 2756 547
1278 2722 1426 2767 (amici),
1454 2724 1520 2754 693
1543 2721 1675 2763 (single),

149 2782 217 2813 998
244 2780 350 2823 (aut),
378 2782 468 2813 1090
493 2779 651 2823 (pudet):
679 2778 849 2822 quamvis
877 2789 949 2813 non
976 2789 1048 2812 uno
1074 2778 1156 2811 loco
1182 2776 1363 2810 incertum
1391 2784 1469 2807 csse
1497 2772 1675 2806 iudicium

149 2833 283 2877 etipse
310 2835 468 2867 teneam.
518 2831 561 2867 V.
584 2835 627 2865 57
654 2834 740 2876 post
765 2833 894 2876 cupias
920 2842 1065 2866 erasum
1091 2841 1141 2865 es:
1170 2829 1268 2872 quod
1294 2828 1347 2861 ita
1374 2826 1534 2871 explico,
1563 2828 1603 2860 ut
1629 2826 1675 2860 ad

151 2887 272 2930 cupies
298 2887 465 2931 spectare
487 2885 625 2920 dicam:
653 2886 774 2929 cupies
800 2885 862 2929 qui
884 2884 993 2929 legit,
1021 2895 1091 2918 non
1121 2882 1244 2927 potuit
1263 2879 1493 2915 Fleckeiscni
1520 2891 1563 2914 ne
1590 2881 1674 2913 ante

152 2940 277 2974 oculos
305 2939 452 2974 habere.
