1946 3344
138 208 326 241 451—463
782 205 1027 240 APPENDlx
1587 207 1668 248 169

139 312 246 347 Stud.
274 313 303 346 I
319 323 358 357 p.
387 315 453 356 31,
480 323 560 347 cum
595 312 801 357 Vssinqius
820 313 884 357 qui
909 312 1050 358 primus
1083 313 1122 349 id
1149 315 1217 359 (vel
1243 314 1330 359 sibi)
1357 316 1587 349 commentus
1614 316 1670 349 esb

137 366 306 410 itemque,
339 366 401 401 sed
432 364 514 408 hoc,
535 367 754 411 praetulerit
788 366 972 402 Valilenus
998 368 1086 402 Ind.
1113 368 1189 403 lect.
1215 368 1336 404 Berol.
1363 379 1396 402 a.
1425 370 1523 403 1880
1542 379 1580 413 p.
1609 371 1668 411 11,

141 421 260 454 Herm.
291 419 428 453 XVII
443 431 482 464 11-
510 422 586 454 608
598 430 647 464 sq.
707 419 847 465 Quibus
885 421 1050 456 omnibus
1083 422 1241 466 propius
1272 422 1321 457 ad
1352 433 1473 457 verum
1506 422 1670 458 accedere

137 473 316 511 rationem
339 473 539 517 supplendi
564 474 672 507 etiam
699 485 722 508 a
754 474 890 509 lVeisio
915 474 1118 509 adhibitam
1143 476 1219 509 iam
1244 479 1407 520 apparet.

255 529 336 561 452.
362 526 518 569 habere,
553 537 648 570 quae
680 537 760 561 cum
798 527 940 573 Pylade
966 526 1024 570 Ἠ,
1054 528 1120 562 ubi
1154 527 1218 572 qui
1244 529 1447 564 vindicavit
1471 528 1671 573 Lanqenus

139 579 275 614 Pliilol.
304 579 513 614 XXXIII
533 591 570 624 p.
600 582 671 615 710
695 580 853 625 (Onions
878 581 900 615 l.
927 591 952 615 s.
974 592 1001 616 s.
1016 592 1057 625 p.
1080 582 1140 625 54)
1168 582 1211 616 de
1237 582 1394 626 occupet
1412 593 1483 627 pro
1510 583 1669 627 occupat

136 633 327 676 inferendo
352 633 540 668 dubitans.

256 688 325 720 453
339 696 412 731 sqq.
439 684 538 721 Nam
565 686 613 721 ad
634 697 716 721 eam
736 698 815 722 rem
844 687 956 722 ‘vetus
970 687 1087 722 lectio’
1116 688 1191 723 Pii.
1242 688 1327 724 Non
1358 689 1405 723 acl
1431 699 1566 724 eanoce
1591 701 1668 724 rem

138 739 373 775 Camerarius
386 740 427 774 in
441 751 527 775 ann.
578 738 665 774 Non
690 740 737 775 ad
757 751 840 775 eam
859 752 938 776 rem
958 740 1081 776 hercle
1097 741 1135 775 {R
1161 752 1230 786 quo
1250 743 1409 786 peritius
1434 742 1520 777 Non
1544 743 1668 778 hercle

137 794 186 829 ad
223 803 305 829 eam
342 804 421 828 rem
459 793 660 829 Muellerus
686 793 800 829 .Pros.
829 805 869 838 p.
901 796 992 830 ¹758.-
1023 795 1070 837 ef.
1102 795 1299 841 Seyffertus
1331 795 1437 832 Stud.
1465 796 1522 831 Pl.
1545 808 1584 841 p.
1613 800 1669 832 17.

138 847 223 882 Non
249 847 384 882 saltem
411 846 459 881 ad
486 857 569 881 eam
594 857 673 881 rem
707 847 902 882 Vahlenus.
952 846 1053 882 Vnos
1078 848 1127 884 ad
1156 859 1238 883 eam
1263 860 1339 884 rem
1367 850 1579 894 (praeeunte
1606 849 1672 884 So-

139 901 194 935 los
226 900 413 946 Vssinqio)
442 900 621 936 Gertzius.
672 899 755 936 Non
782 900 830 935 ad.
856 911 939 935 eam
964 912 1054 944 rem,
1082 902 1120 936 ni
1149 902 1287 937 Onions
1314 904 1335 939 l.
1361 914 1389 939 s.
1415 914 1440 938 s.
1466 904 1604 938 inscite.
1626 923 1668 927 —

140 955 320 989 homones
359 953 484 989 decuit
523 953 663 989 otiosos
703 953 818 998 deligi
850 954 1052 1000 Lanqenus
1084 955 1189 991 Stud.
1220 968 1260 1001 Ρ.
1286 959 1343 992 44.
1394 956 1520 992 Possis
1546 956 1671 991 decuit

143 1007 311 1042 homines
351 1007 491 1043 otiosos
524 1007 659 1052 deligi:
702 1008 763 1043 sed
799 1006 925 1042 decuit
957 1008 1072 1053 deligi
1098 1020 1177 1044 cum
1204 1021 1308 1054 aeqre
1333 1010 1509 1054 divellas,
1536 1021 1670 1056 auqere

140 1061 259 1096 malui
277 1061 559 1096 alliterationcm
577 1061 758 1106 insiqnem
778 1059 982 1096 desidiosos
1003 1073 1076 1106 pro
1098 1063 1237 1098 otiosos
1258 1064 1431 1099 adhibito.
1461 1085 1504 1088 —
1535 1063 1575 1098 V.
1601 1067 1670 1097 454

140 1125 252 1149 censu
277 1115 429 1149 careant
457 1114 674 1151 Gronovius.
704 1125 835 1148 census
862 1114 1014 1159 capiant
1041 1116 1131 1160 (scil.
1160 1119 1370 1163 censoresf)
1391 1119 1573 1162 explicare
1598 1122 1672 1152 stu-

138 1168 220 1202 duit
250 1167 440 1202 Turnebus
465 1167 616 1203 Advers.
646 1167 810 1202 XVIII
832 1170 890 1202 15.
942 1178 1073 1203 census
1100 1170 1225 1215 capiat
1257 1171 1347 1214 (scil.
1376 1170 1530 1214 otiosos)
1557 1172 1671 1214 expli-

140 1221 298 1256 candum
324 1238 369 1249 =
395 1222 513 1256 censio
540 1221 684 1266 (multa)
717 1221 841 1266 capiat
874 1222 952 1257 coll.
980 1222 1079 1258 Rud.
1105 1225 1213 1259 1273.
1265 1224 1444 1258 Briccium
1469 1225 1532 1268 qui
1558 1225 1669 1258 ratio-

140 1275 250 1310 nibus
275 1274 384 1317 falsis
409 1285 498 1310 usus
522 1286 554 1309 v.
581 1278 650 1309 453
664 1285 714 1319 sq.
747 1274 951 1310 secludebat
982 1276 1113 1319 optime
1144 1277 1320 1319 refutavit
1345 1276 1564 1321 Lanqenus,
1592 1288 1672 1311 cum

136 1327 440 1372 Sounenburqius
459 1340 498 1373 2).
517 1331 562 1363 15
582 1339 613 1363 v.
631 1331 818 1363 453—456
840 1331 872 1362 et
892 1330 1081 1363 457—459
1104 1340 1173 1373 pro
1193 1329 1281 1364 locis
1301 1330 1517 1374 parrallelis
1541 1330 1672 1365 habeat

133 1382 194 1425 (cf.
221 1381 441 1416 Ribbeck-ius
461 1392 500 1426 p.
529 1382 640 1426 538),
667 1381 830 1416 Baierus
854 1392 935 1416 vero
962 1382 1054 1416 miro
1080 1381 1220 1417 iudicio
1241 1394 1280 1426 p.
1310 1385 1381 1417 126
1406 1394 1438 1417 v.
1465 1386 1594 1427 455sq.
1623 1394 1673 1417 se-

135 1435 261 1470 cludat
293 1435 505 1480 improbares
536 1446 628 1480 quae
659 1445 734 1470 non
765 1435 916 1470 noverit.
969 1433 1130 1468 Ceterum
1166 1435 1199 1468 si
1237 1446 1307 1469 uno
1334 1438 1477 1470 tantum
1502 1447 1607 1471 versu
1634 1438 1670 1471 A

135 1490 280 1525 auctior
313 1489 426 1532 fucrit
453 1509 495 1514 —
523 1489 564 1524 de
597 1500 667 1534 quo
698 1488 866 1523 Loewius
898 1487 1081 1531 coqitabat
1106 1507 1149 1512 —
1176 1489 1375 1523 necessario
1404 1493 1554 1533 propter
1584 1501 1667 1533 spa-

136 1544 228 1578 tium
253 1543 296 1578 de
322 1543 450 1587 aliqua
481 1544 522 1577 in
548 1553 587 1577 eo
613 1542 867 1588 clittoyraplzia
892 1540 1144 1585 coqitandum:
1173 1541 1212 1576 id
1236 1542 1331 1586 quod
1356 1552 1443 1577 sanc
1469 1543 1667 1577 admittzmt

137 1596 288 1642 vestiyia
315 1608 337 1631 a
365 1595 565 1631 Ritschelio
591 1596 770 1630 indicata.

254 1653 335 1684 457.
355 1649 524 1684 Adfatim
543 1648 776 1684 hominumst
794 1647 843 1683 CR.
860 1668 903 1673 -—
919 1648 1063 1683 esculas
1085 1649 1200 1683 edunt
1214 1649 1419 1684 Acidalius.
1467 1649 1520 1693 Of.
1544 1649 1670 1684 Vahle-

142 1714 210 1739 ›ius
236 1703 338 1738 Mus.
366 1703 482 1738 Rhen.
513 1702 696 1737 XXVII
714 1714 753 1746 p.
783 1705 856 1737 176
869 1713 917 1746 sq.
976 1701 1067 1736 Vide
1093 1703 1142 1737 ad
1170 1714 1197 1737 υ.
1225 1704 1298 1737 453
1312 1713 1381 1747 sqq.

258 1760 338 1792 461.
368 1756 562 1792 Traditum
596 1757 817 1801 scripturam
853 1756 932 1791 ‘nec
963 1757 1142 1790 sententia
1173 1767 1236 1790 nec
1276 1757 1434 1791 numeris
1467 1757 1669 1799 ferendam’

140 1811 261 1846 iudice
285 1811 340 1846 vel
370 1809 538 1855 Vssinqio
575 1810 759 1845 Valilenus
790 1809 953 1853 defendit
987 1810 1194 1854 obloquente
1221 1808 1395 1855 Seyfferto
1431 1810 1670 1846 ‘Jahresberf

143 1863 279 1910 1831s2
307 1876 347 1909 p.
374 1866 434 1899 84.
487 1863 581 1906 Quoi
619 1866 698 1899 tam
736 1863 966 1898 credideram
1004 1862 1202 1898 insoluisse
1242 1863 1278 1907 (h
1323 1874 1348 1897 e.
1382 1863 1599 1908 insueuissc)
1634 1864 1671 1898 'R

141 1929 351 1962 quanquam
376 1917 598 1953 dubitanter.
651 1916 746 1960 Quoi
771 1917 848 1951 tam
877 1917 986 1952 credo
1021 1917 1130 1952 deum
1156 1916 1320 1952 uoluisse
1347 1917 1516 1961 Botleius,
1543 1922 1669 1953 contra

141 1982 243 2015 quem
279 1971 508 2006 Balbachius
548 1970 629 2006 obs.
662 1973 780 2015 1225
806 1971 914 2006 dixit.
964 1970 1017 2005 At
1055 1971 1222 2006 similiter
1253 1970 1413 2005 Briseius
1450 1971 1557 2013 Quod
1592 1974 1671 2006 tam

139 2022 248 2059 credo
283 2023 371 2059 deos
397 2023 560 2059 uoluisse
592 2034 699 2059 sensu
732 2036 754 2058 a
785 2024 956 2069 parasito
980 2035 1137 2069 prorsus
1163 2025 1292 2059 alieno.
1345 2024 1440 2066 Quoi
1465 2026 1543 2059 tam
1570 2026 1670 2059 certo

139 2088 240 2113 eram
267 2076 473 2112 aduocatus
501 2079 543 2122 (J)
571 2078 761 2124 Kayserus
787 2090 878 2113 cens.
902 2090 938 2122 2).
966 2081 1048 2113 420.
1101 2076 1197 2120 Quoi
1223 2079 1300 2112 tam
1327 2078 1435 2113 credo
1462 2078 1570 2113 funus
1597 2079 1669 2113 fao-

138 2132 219 2165 tum
245 2132 294 2166 ad
319 2132 534 2167 sententiam
553 2131 714 2167 Brixius
740 2132 780 2166 in
799 2133 900 2176 adn,
924 2132 967 2166 in
992 2135 1161 2167 contextu
1193 2130 1408 2175 lVaqnerus.
1463 2130 1568 2172 Quod
1594 2133 1670 2166 tam

139 2185 248 2219 credo
281 2184 397 2221 letum
431 2185 569 2221 obiisse
601 2185 766 2221 Kochius
800 2185 901 2220 Mus.
934 2184 1039 2219 Rlien
1083 2184 1231 2218 XXIV
1256 2196 1295 2228 p.
1324 2186 1405 2219 633.
1468 2184 1562 2226 Quoi
1588 2186 1614 2220 t.
1642 2196 1672 2219 c.

140 2238 262 2272 ratum
286 2238 357 2272 hoc
382 2238 496 2273 fuisse
523 2238 674 2274 Kanius
701 2238 877 2273 Mnemos.
904 2250 941 2272 n.
965 2250 990 2273 s.
1017 2238 1088 2272 IX
1106 2250 1144 2283 p.
1167 2239 1247 2272 344.
1300 2237 1406 2279 Quod
1433 2239 1458 2272 b.
1487 2248 1515 2271 o.
1544 2238 1671 2272 datum

134 2302 234 2326 nuno
273 2301 352 2326 esse
388 2291 547 2327 Rothius
581 2292 725 2337 Quaest.
761 2292 816 2325 II
840 2303 879 2336 p.
907 2296 957 2328 12
985 2292 1069 2327 adn.
1123 2291 1230 2334 Quod
1262 2292 1288 2326 t.
1316 2302 1362 2325 er.
1398 2302 1482 2326 eum
1509 2292 1671 2326 uoluisse

139 2345 280 2380 (Jnions
298 2356 338 2390 p.
366 2347 422 2380 64.
474 2345 569 2388 Quoi
604 2346 632 2380 b.
671 2357 722 2381 cr.
762 2345 890 2379 datum
921 2341 1057 2380 oluis'se
1091 2345 1305 2390 Spcnqelius
1342 2345 1475 2380 Pliilol.
1506 2346 1669 2379 XXIII

131 2408 171 2441 p.
187 2400 261 2433 178
273 2409 323 2443 sq.
350 2399 558 2445 intelleqens
571 2399 777 2445 prandium
798 2398 1032 2434 Illcnaeclimo
1053 2399 1192 2441 datum,
1212 2399 1308 2443 quod
1333 2399 1394 2433 ille
1419 2399 1517 2434 dedit
1537 2400 1672 2443 potius.

136 2451 266 2486 Nihilo
303 2453 425 2488 minus
461 2453 525 2488 vix
559 2453 685 2488 dubito
719 2453 809 2497 quin
841 2451 978 2487 eluisse
1011 2464 1135 2488 verum
1171 2453 1220 2487 sit
1245 2452 1306 2497 (cf.
1333 2452 1441 2487 etiam
1467 2452 1673 2497 ob[u]01uit

138 2505 360 2549 scripturam
385 2517 416 2541 v.
440 2507 539 2551 384),
564 2507 597 2541 si
621 2507 725 2541 modo
745 2517 787 2540 ea
807 2506 844 2540 vi
864 2506 1026 2551 accipias
1046 2506 1260 2551 perfectum,
1285 2517 1358 2550 qua
1384 2509 1546 2540 mortuus
1574 2505 1670 2539 ‘uim-

137 2557 219 2593 isse’
256 2558 393 2594 dicitur
426 2562 458 2594 et
490 2563 632 2595 amator
666 2559 820 2603 ‘fuisse’.
872 2559 972 2594 Talis
1003 2560 1098 2594 enim
1129 2556 1253 2593 sensus
1288 2559 1487 2602 requiritur
1512 2569 1528 2592 e
1554 2559 1673 2592 verbis

138 2611 314 2655 oppositis
342 2611 467 2656 ‘quam
496 2624 551 2648 me
581 2614 687 2649 uideo
719 2613 859 2648 uiuere’
895 2616 1001 2657 atque
1032 2613 1162 2657 optime
1198 2613 1249 2647 sic
1275 2612 1512 2656 reliquiarzmz
1540 2612 1669 2645 mentio

139 2665 247 2700 odore
271 2665 346 2700 iam
371 2667 573 2702 carentium
592 2678 628 2702 se
647 2667 821 2712 adplicat.
877 2667 981 2712 Quod
1000 2667 1033 2701 si
1052 2678 1174 2701 verum
1195 2668 1243 2700 est
1263 2666 1337 2699 iam
1359 2676 1429 2708 pro
1456 2663 1549 2705 Quoi
1578 2665 1669 2709 (scil.

141 2717 313 2763 prandio)
348 2719 427 2753 tam
464 2720 574 2756 credo
603 2721 737 2756 'datum
777 2720 978 2765 requiritur
1009 2720 1106 2755 velut
1144 2719 1252 2753 oredo
1283 2718 1431 2752 odorem
1465 2719 1518 2751 vel
1557 2718 1666 2752 oredo

149 2770 281 2817 ἀτμόν,
305 2773 437 2817 quibus
460 2774 655 2817 paululum
674 2778 864 2819 praestare
889 2774 1057 2808 balatum
1084 2774 1199 2807 visum
1224 2775 1282 2806 est.
1393 2805 1396 2808 .

259 2829 340 2860 463.
374 2825 446 2861 Sed
472 2825 562 2870 quid
583 2831 678 2872 ego?
703 2828 813 2863 uideo
843 2827 1149 2862 Menaechmum?
1176 2824 1342 2859 Bothius.
1396 2823 1459 2858 Set
1485 2824 1572 2867 quid
1599 2836 1666 2868 ego

145 2877 204 2912 hic
224 2877 334 2913 uideo
350 2878 633 2914 Menaechmum
644 2884 659 2913 ⁸?
673 2881 764 2925 (nisi
776 2882 885 2917 males
905 2880 967 2915 Set
983 2879 1069 2923 quid
1084 2879 1217 2913 uideo?
1232 2888 1358 2912 eccum
1374 2876 1670 2921 Menaechmum)

141 2930 180 2965 'R
204 2932 412 2977 obloquente
439 2932 629 2978 Kacmpflo
655 2934 698 2968 de
719 2946 827 2978 pron.
852 2946 889 2978 p.
917 2937 972 2968 14.
1026 2932 1079 2976 Of.
1109 2931 1309 2966 Muellerus
1335 2930 1437 2964 Pros.
1461 2942 1498 2974 J).
1527 2934 1584 2966 35.
