1946 3344
198 214 385 246 580—619
837 209 1084 246 APPENDIX
1643 213 1724 254 159

198 317 316 351 siccus
343 328 470 351 uerum
496 317 643 352 interim
667 317 837 364 Pylades.
877 318 939 353 Ad
965 319 1106 353 ciccum
1127 319 1173 362 cf.
1193 319 1360 355 Loewius
1380 320 1509 356 Proclr.
1525 332 1564 365 p.
1585 325 1661 356 274
1674 333 1722 366 sq.

197 372 407 416 (ll'interus
443 372 573 415 fragm.
602 382 640 415 p.
676 372 748 415 15).
813 371 902 406 Non
939 376 1030 406 recte
1065 372 1136 407 huc
1173 374 1282 416 refert
1320 374 1583 420 Deuerlinyius
1622 375 1723 411 Piae.

194 436 230 468 p.
247 428 306 467 69,
321 428 343 458 o’
363 435 474 469 neque
493 428 586 458 certo
607 425 676 458 alii
694 426 839 459 Ausoni
858 429 947 461 cent
961 430 1063 470 nupt.
1080 427 1130 461 in.
1149 447 1190 451 -—
1206 438 1375 472 ueropro
1388 440 1461 464 non
1475 428 1723 464 Hermannus

292 481 370 512 581.
400 489 601 521 numquam
628 477 738 511 hodie
765 477 966 522 quicquam
999 479 1146 513 credam
1176 483 1255 524 (om.
1283 480 1368 525 tibi)
1398 482 1568 527 Pylades.
1625 483 1724 526 quic-

197 541 307 575 quam
333 541 421 565 uero
449 531 597 565 credam
628 530 791 566 Guietus.
829 543 1031 577 numquam
1059 531 1206 567 medam
1232 533 1430 578 quicquam
1457 546 1532 570 non
1551 537 1725 571 debebant

197 585 354 628 recipere
379 584 646 627 Fleckeisenus,
674 586 751 620 alii.
782 606 822 609 —
850 586 924 620 11131
950 585 1116 620 Botliius.
1161 597 1235 620 non
1260 587 1350 622 Reiz
1352 589 1419 622 ius.
1465 589 1535 624 nisi
1560 589 1591 624 si
1617 591 1725 625 etiam

195 638 406 681 Bentleius,
445 638 488 672 cle
518 649 587 682 quo
620 639 794 673 dubitans
827 638 1028 673 Muellerus
1060 638 1163 673 Pros.
1200 651 1237 683 p.
1272 644 1343 675 713
1381 641 1453 676 nisi
1492 644 1602 688 capto
1636 645 1723 678 ante

195 694 355 734 temptat.
417 690 626 726 Orationem
663 692 908 736 interruptam
943 692 1215 736 siqniflcaverat
1255 694 1496 730 Camerarius.
1563 697 1724 732 Ceterum

192 755 224 778 v.
252 746 320 778 583
353 743 444 778 mihi
476 745 513 778 be
546 744 648 778 aedis
681 746 741 789 (=
767 745 922 789 exhibes)
955 743 1172 779 Saracenus.
1240 746 1279 779 V.
1314 750 1382 782 584
1419 748 1509 783 111110
1539 761 1611 793 pro
1646 749 1724 784 11110

196 796 359 832 Guietus.

289 853 368 885 587.
395 853 544 896 praeter
570 852 692 886 animo
720 862 814 894 quae
840 850 952 885 libuit
980 851 1144 886 G-uietus.
1197 852 1266 887 hac
1292 854 1411 887 noctis
1438 856 1586 899 praeter
1612 857 1726 891 animi

193 903 267 939 mei
293 904 332 938 F
338 905 559 940 leckeisenus.
588 926 632 930 —
660 905 867 939 sententiae
893 904 1061 939 Bothz'us.

289 961 367 992 589.
396 958 503 993 nobis
530 959 697 1003 sperauit
723 957 830 992 salsis
856 957 967 1002 prodi
986 958 1146 993 Briaeius
1172 959 1193 992 l.
1214 969 1241 994 s.
1262 970 1290 994 3.
1319 962 1459 1004 (potuit
1483 962 1592 996 etiam
1619 963 1725 997 salsis

193 1011 359 1055 sperauit
383 1011 490 1046 nobis
516 1011 641 1056 prodi:
667 1016 706 1046 at
731 1015 859 1046 neutro
885 1013 1000 1056 opus).

292 1068 370 1099 592.
406 1066 495 1110 agat
523 1069 608 1109 post
640 1066 853 1100 Acidalium
884 1065 1088 1100 vindicavit
1123 1066 1391 1100 Fulzrmannus
1417 1069 1514 1102 Ann.
1539 1069 1628 1112 plzil.
1660 1069 1728 1103 CV

189 1129 228 1162 p.
257 1120 329 1152 829
353 1121 385 1153 et
410 1118 591 1154 Beckerus
616 1119 776 1154 Student.
804 1119 909 1153 Stucl.
932 1119 959 1151 I
977 1130 1018 1162 p.
1043 1121 1134 1153 195.—
1168 1120 1231 1154 riae
1257 1121 1352 1154 enim
1376 1122 1552 1165 cogyitabis
1578 1123 1620 1157 cle
1646 1124 1727 1166 agit

194 1172 424 1206 coniunctivo
453 1173 555 1207 ‘edit’
586 1173 632 1207 al.
653 1173 774 1217 simili.
802 1192 848 1196 —
873 1170 1092 1206 internisam
1112 1172 1308 1217 ›S'cioppius
1332 1174 1538 1218 obloquente
1559 1175 1724 1211 Grutero.

193 1226 314 1259 Antea
339 1236 370 1259 v.
398 1228 464 1260 591
501 1226 786 1261 edormissemus
816 1225 1046 1261 Camerarius
1072 1226 1364 1270 improbantibus
1389 1228 1563 1264 Acidalio
1579 1241 1617 1273 p.
1638 1232 1724 1273 438,
1763 1265 1769 1271 ,

193 1278 365 1323 Scioppio
392 1279 497 1324 Susp.
526 1281 546 1315 l.
576 1280 644 1313 IV
667 1282 689 1314 5
710 1291 748 1324 p.
777 1282 861 1316 186.

289 1335 366 1367 594.
395 1332 518 1367 omina
541 1332 775 1368 Gulielmius:
801 1337 867 1368 aut
886 1334 950 1368 hoc
969 1337 1036 1368 aut
1056 1333 1181 1368 omnia
1200 1334 1449 1370 Passeratius:
1476 1339 1581 1381 atque
1601 1336 1725 1370 omina

194 1387 301 1421 etiam
328 1385 519 1421 Reuterus.
572 1386 626 1429 Cf.
650 1387 768 1431 praef.

289 1442 367 1474 600.
394 1438 451 1474 De
478 1440 675 1484 (d)eripere
708 1440 753 1483 cf.
781 1439 978 1474 Acidalius
1004 1439 1089 1474 Dic.
1113 1452 1151 1484 p.
1179 1444 1270 1486 438,
1296 1443 1338 1476 de
1363 1441 1505 1487 postibi
1531 1442 1725 1487 Scioppius

195 1493 303 1537 Susp.
332 1494 404 1528 lect.
433 1493 460 1526 Ι
483 1496 529 1528 15
548 1505 588 1538 p.
616 1496 673 1528 45.

289 1550 355 1580 601
371 1558 420 1592 sq.
447 1547 535 1581 Non
560 1548 679 1591 inepte
705 1547 834 1592 coyites
854 1547 896 1580 cle
915 1545 1124 1582 Videbatur
1143 1547 1373 1592 interpolato,
1401 1549 1639 1593 adgredirier,
1667 1560 1724 1583 ro-

193 1610 280 1645 gare
312 1604 354 1635 ut
388 1601 566 1643 infinitivi
596 1601 761 1635 historici
792 1600 884 1634 sint:
923 1611 947 1635 e.
981 1612 1012 1645 9.
1047 1600 1190 1645 postibi
1215 1601 1432 1638 vicissatim
1465 1604 1510 1638 ad
1544 1614 1601 1638 me
1636 1615 1662 1636 s.
1691 1615 1722 1638 a.

194 1654 248 1698 Cf.
271 1651 411 1700 praefi
447 1653 498 1689 Ob
525 1653 682 1688 Videtur
707 1654 799 1688 male
825 1653 925 1687 duim
952 1666 983 1689 v.
1012 1659 1079 1689 602
1106 1655 1272 1691 Botliius.

289 1711 368 1742 604.
396 1718 438 1742 ac
464 1706 604 1742 Procne
633 1717 712 1741 esse
738 1706 911 1748 Botlzius,
944 1709 1007 1752 qui
1033 1712 1152 1743 tamen
1179 1712 1243 1744 aut
1268 1709 1408 1745 Procne
1436 1721 1515 1745 esse
1542 1711 1721 1746 nialuerit.

194 1772 272 1795 esse
311 1761 376 1796 clel.
411 1761 669 1796 Hermannus:
712 1762 757 1804 cf.
791 1761 1011 1796 Ritsclzelius
1054 1762 1182 1806 Opusc.
1212 1764 1267 1797 II
1291 1775 1330 1808 p.
1359 1768 1435 1799 337
1448 1775 1520 1809 sq„
1558 1766 1621 1809 qui
1659 1769 1726 1799 aut

192 1815 309 1849 Natas
342 1825 422 1849 esse
455 1825 498 1848 ex
523 1813 733 1850 Philomela
767 1825 809 1849 ac
834 1814 992 1849 Proeina
1025 1820 1090 1850 aut
1115 1815 1234 1851 Natas
1268 1828 1312 1851 ex
1338 1816 1547 1852 Philomela
1574 1829 1652 1852 esse
1680 1829 1723 1852 ac

194 1867 349 1902 Procina
380 1868 569 1903 scribebat.
619 1868 672 1902 At
703 1869 787 1912 ipsa
818 1869 937 1911 forma
965 1869 1092 1912 prodit
1123 1872 1235 1914 atque
1267 1871 1333 1913 (vel
1359 1873 1411 1914 at)
1440 1872 1586 1915 Progne
1620 1872 1725 1905 scioli

191 1932 262 1955 esse
300 1922 608 1965 additamentum,
644 1922 708 1965 qui
745 1932 787 1956 esc
825 1922 1052 1956 noviciorum
1086 1927 1277 1966 poetarum
1311 1924 1433 1969 (Very.
1471 1923 1549 1967 Ov.)
1582 1925 1725 1958 ratione

202 1975 360 2009 Varroni
389 1975 552 2009 nondum
586 1979 674 2010 nota
707 1975 766 2019 (cf.
795 1975 816 2010 l.
845 1975 866 2009 l.
909 1974 941 2008 V
964 1978 1029 2019 76,
1055 1975 1152 2011 Serv.
1186 1978 1235 2012 acl
1274 1977 1377 2022 Very.
1405 1977 1485 2011 Ecl.
1524 1977 1582 2010 VI
1606 1980 1654 2012 78
1673 1988 1723 2022 sq.

193 2028 318 2072 Georq.
347 2029 372 2062 Ι
381 2028 415 2062 V
440 2028 499 2072 15)
532 2028 698 2071 fabulam
723 2030 922 2063 notaverit:
959 2032 1066 2073 atque
1099 2029 1214 2064 attica
1246 2031 1288 2065 ob
1316 2042 1346 2065 v.
1375 2034 1447 2065 605
1481 2034 1624 2065 tantum
1649 2041 1724 2065 non

191 2083 432 2116 necessarium
457 2081 517 2125 (cf.
544 2092 574 2115 v.
603 2084 659 2116 35.
696 2084 768 2116 737
781 2083 879 2126 sqq).
933 2083 1040 2117 Mlzil
1065 2084 1135 2127 eyit
1164 2084 1435 2131 Ostermayerus
1467 2085 1510 2119 dc
1540 2085 1620 2119 hist.
1646 2085 1722 2128 fab.

191 2135 232 2168 in
258 2146 342 2170 com.
369 2135 427 2175 Pl.
461 2135 512 2169 ed.
544 2133 682 2180 Gryph.
710 2147 742 2170 α.
769 2138 866 2170 1884
889 2147 925 2180 p.
953 2139 1011 2170 46¹.
1063 2136 1117 2179 Cf.
1145 2137 1316 2183 Enyerus
1342 2139 1363 2172 l.
1391 2149 1416 2172 3.
1443 2148 1470 2172 s.
1494 2149 1533 2182 p.
1563 2137 1680 2173 XIX.

288 2192 365 2223 605.
399 2190 480 2232 Ago
514 2199 558 2222 ea
589 2199 672 2223 cum
700 2188 863 2223 Guietus.
920 2188 1000 2232 Ago
1035 2200 1117 2223 011111
1152 2200 1195 2224 ea
1220 2191 1388 2226 Botliius.
1425 2211 1469 2216 —-
1503 2191 1723 2235 poplaribus

192 2241 392 2277 Muellerus
420 2241 606 2277 ‘Naffur'
628 2253 669 2286 p.
696 2246 756 2277 68.
812 2243 867 2285 Cf.
894 2253 923 2277 v.
954 2244 1024 2276 740
1048 2246 1080 2276 et
1105 2242 1307 2278 Lorenzius
1333 2245 1381 2279 acl
1409 2244 1520 2278 Most.
1546 2255 1576 2278 v.
1605 2247 1685 2278 312.

288 2299 366 2331 606.
394 2294 532 2330 illhaec
559 2294 682 2330 animo
710 2294 782 2329 iam
814 2296 982 2341 Pylades.
1035 2294 1102 2329 illa
1128 2296 1250 2331 animo
1276 2297 1351 2332 iam
1378 2308 1474 2332 1111110
1502 2298 1644 2332 Parcus
1670 2297 1721 2332 ed.

193 2349 276 2382 III
294 2360 332 2393 p.
359 2349 424 2383 ult.
463 2348 530 2383 illa
560 2348 634 2383 iam
663 2349 787 2383 animo
818 2348 991 2391 Gm',etus
1024 2348 1190 2384 Botliius
1229 2351 1401 2386 Acidalio
1427 2352 1569 2394 frustra
1596 2352 1721 2386 adver-

191 2405 296 2436 satur
321 2402 604 2446 Kampmannus
629 2402 827 2446 Annot1p
856 2404 912 2436 36.

288 2458 366 2489 608
382 2465 452 2490 me.
472 2454 525 2489 1b1
539 2457 617 2489 tum
634 2455 792 2490 Reizius.
832 2466 901 2490 me.
929 2455 1063 2499 ibides.
1080 2456 1333 2493 Flecleisenus
1347 2469 1398 2502 ep
1415 2469 1462 2492 cr.
1473 2470 1508 2502 p.
1514 2458 1723 2500 XXIIII

194 2509 292 2542 Ann.
327 2508 417 2552 phil.
453 2507 560 2541 LXI
582 2519 620 2553 p.
649 2511 712 2543 51:
750 2513 788 2544 at
823 2509 868 2551 cf.
903 2508 1122 2544 Ritscnelius
1159 2511 1207 2545 N
1242 2512 1336 2547 Eaec.
1373 2512 1432 2546 Pl.
1460 2512 1487 2545 J
1516 2515 1636 2556 1149.
1680 2531 1720 2535 -

192 2560 318 2595 nescio
346 2572 414 2606 ego
442 2562 685 2596 Camerarius.
713 2582 755 2586 —
783 2572 944 2605 quonam
974 2562 1083 2597 modo
1108 2563 1276 2609 Pylades.

288 2617 356 2649 613
369 2625 418 2659 sq.
447 2615 535 2659 quid
561 2625 647 2648 nam
677 2615 847 2659 Pylades.
887 2616 976 2659 quid
1003 2617 1073 2651 hoc
1094 2617 1366 2653 Fleckeisenzcs:
1393 2623 1432 2654 at
1457 2619 1500 2661 cf.
1523 2619 1722 2652 Muellerus

193 2667 325 2702 Philol.
349 2667 419 2701 IX
438 2679 477 2712 p.
499 2670 583 2710 740,
610 2667 712 2702 Pros.
734 2679 773 2712 p.
802 2670 886 2711 394,
914 2670 1098 2705 ‘Nachtr’
1123 2683 1161 2715 p.
1191 2674 1246 2706 51.
1292 2672 1350 2707 De
1376 2671 1491 2716 (fano)
1519 2671 1628 2713 intus,
1657 2671 1720 2705 ob-

193 2731 297 2755 secro
337 2721 502 2756 addendo
528 2722 748 2766 coqitaverat
775 2722 1024 2758 Camerarius:
1056 2723 1172 2758 uicini
1199 2737 1217 2758 e
1244 2736 1327 2759 meo
1354 2725 1619 2759 concinniorem
1644 2725 1721 2766 fore

195 2775 377 2809 lectionem
397 2774 557 2819 putabat
583 2774 797 2810 Lambinus.
839 2775 894 2818 Cf.
922 2776 1143 2812 Ritschelius
1166 2780 1294 2823 (qusc.
1319 2779 1340 2811 l
1347 2779 1371 2811 I
1390 2789 1428 2821 p.
1452 2780 1527 2812 1:32
1553 2781 1585 2811 et
1600 2777 1719 2820 praef.

194 2826 316 2871 phano
343 2827 516 2862 clamoris
543 2827 660 2862 oritur
686 2829 808 2863 ceteris
834 2829 899 2863 del.
921 2830 1100 2876 Pylades:
1126 2832 1291 2866 similiter
1311 2841 1379 2874 per
1412 2828 1528 2863 oritur
1549 2829 1721 2864 clamoris

193 2884 306 2915 octon.
346 2882 456 2916 troch.
496 2882 609 2925 effecit
642 2881 800 2917 Jeeizius.
858 2883 915 2918 De
953 2884 1154 2918 indicativo
1193 2884 1236 2926 cf.
1271 2883 1451 2918 Beclserus
1489 2883 1529 2916 in
1561 2882 1722 2918 Studem.

195 2932 298 2969 Stud.
326 2934 352 2967 I
369 2946 408 2979 p.
435 2937 511 2971 226
536 2935 620 2970 adn.
658 2935 697 2969 V.
727 2939 793 2969 615
822 2935 932 2971 Porro
959 2937 1235 2972 Rittersliusius.

291 2989 369 3022 619.
396 2987 652 3023 innocentium
674 2987 909 3026 Camerarius
933 2992 1040 3033 (corr.
1061 2990 1221 3034 Reizius,
1247 2990 1467 3033 Bentleius):
1493 2999 1562 3033 quo
1581 2993 1720 3024 servato
