1946 3344
115 195 150 229 V
174 199 207 240 3,
233 198 349 229 5—10
738 192 1008 229 BACOHIDES
1553 189 1633 230 131

111 302 301 358 Dormit,
333 317 461 358 quom
492 303 575 344 huc
609 305 712 345 etint
744 318 769 344 a
800 305 906 357 pecti
937 301 1183 357 palitantes.

796 382 952 419 BAccms

111 446 171 488 At
200 445 316 487 halid
347 447 420 501 pol
452 445 610 487 nitent:
645 445 842 487 sordidae
875 444 1027 486 ambae
1060 443 1270 485 uidentur.

815 526 934 561 SOROR

113 588 324 630 Att6nsae
354 588 436 630 hae
468 587 640 643 quidem
672 587 825 630 ambae
857 601 992 642 usque
1027 589 1137 628 sdnt.

760 669 987 704 Pmnoxnnvs

1147 715 1206 757 Vt
1238 716 1437 757 uidentur
1550 726 1639 757 1125

111 777 316 820 Deridere
348 778 438 820 n6s.

772 835 978 869 Nmonvnvs

454 894 555 937 Sine
588 910 665 938 suo
697 898 832 950 lisque
866 895 1089 936 arbitratu.

797 981 954 1017 BAccms

111 1044 242 1088 Rerl'n
274 1048 340 1086 ter
371 1047 419 1086 tu
450 1045 496 1086 in
528 1045 640 1085 anno
673 1057 800 1099 posse
831 1044 909 1085 has
942 1042 1173 1085 tonsitari‘?

819 1124 936 1159 SOROR

111 1189 189 1231 Pol
221 1188 348 1230 hodie
381 1187 517 1228 altera
547 1186 633 1228 iam
665 1185 732 1226 bis
765 1185 946 1227 detonsa
977 1186 1149 1227 certost.

215 1287 257 1323 V.
284 1287 528 1322 1123—1134
544 1295 786 1329 personarum
805 1287 910 1319 notas
932 1283 961 1318 Ο
983 1285 1107 1319 nullas
1125 1284 1229 1319 habet
1310 1287 1410 1319 1123.
1432 1294 1544 1327 quom
1562 1283 1635 1318 huc

112 1342 202 1377 eunt
221 1340 432 1386 Spengelius
449 1350 487 1384 p.
501 1341 587 1376 204.
608 1349 692 1372 cum
711 1337 745 1371 h‘
768 1338 818 1381 (h.
840 1348 866 1372 e.
888 1337 996 1381 haee)
1017 1338 1105 1372 eunt
1127 1336 1317 1371 Charisius
1345 1336 1406 1379 (cf.
1435 1336 1638 1380 Ussirzgyius,

111 1393 219 1429 Fricl.
234 1394 396 1429 Schmidt
409 1394 451 1429 dc
465 1394 655 1428 demonstr.
664 1401 774 1436 pron.
788 1391 893 1433 form.
902 1401 942 1435 p.
957 1393 1024 1433 42)
1040 1390 1105 1426 ubi
1117 1389 1209 1424 haee
1224 1389 1364 1424 moleste
1377 1390 1507 1424 iterari
1522 1393 1639 1424 monet

113 1447 349 1483 Ritschelius:
363 1458 435 1492 pro
454 1457 524 1492 quo
542 1445 613 1480 hac
628 1444 864 1489 Arispachius
882 1454 917 1488 p.
935 1447 991 1479 55.
1013 1455 1096 1479 cum
1110 1444 1180 1491 hee
1200 1444 1288 1485 (hee
1302 1443 1349 1477 D.
1371 1443 1442 1478 hae
1459 1443 1500 1478 Z.
1522 1443 1568 1477 he
1590 1443 1642 1486 F)

85 1523 93 1527 <
112 1501 201 1535 eunt
215 1501 267 1536 sic
283 1500 314 1536 G
318 1500 356 1535 D
365 1500 406 1536 F
411 1501 454 1536 Z.
470 1511 581 1545 quom
644 1499 714 1533 hae
771 1498 860 1532 eunt
871 1497 922 1531 sic
936 1508 1016 1532 oum
1030 1497 1161 1541 spatiis
1178 1497 1307 1540 (altero
1321 1496 1463 1540 quidem
1477 1506 1494 1531 e
1506 1506 1642 1531 rasura

111 1555 194 1589 circ.
215 1557 238 1589 3
257 1555 462 1590 litterarum
482 1556 575 1599 orto)
594 1553 640 1587 B.
663 1562 775 1596 quom
794 1551 884 1586 eunt
904 1549 957 1586 sic
977 1550 1208 1585 Ritschelias.
1230 1550 1301 1584 hae
1323 1549 1375 1584 sic
1396 1550 1497 1595 apud
1513 1549 1641 1584 Chari-

112 1609 206 1644 sium
225 1608 374 1652 scripsit
398 1607 600 1642 Fabricius
681 1617 797 1652 peceu
823 1606 862 1640 D
935 1605 1140 1650 palitantes
1168 1602 1409 1638 Camerarius.
1437 1601 1639 1637 balitantes

109 1660 330 1703 (halitantes
363 1660 438 1696 D1:
476 1671 567 1695 corr.
595 1659 661 1694 ΒΞ.
700 1659 874 1694 batantes
900 1662 932 1694 et
957 1657 985 1692 li
1009 1669 1088 1702 sap.
1121 1668 1188 1692 scr.
1218 1657 1262 1701 C)
1303 1657 1397 1692 libri.
1438 1655 1641 1691 halitantes

114 1713 307 1749 Charisius
406 1717 507 1748 1124.
533 1711 704 1749 BACCH.
731 1713 819 1747 BZ.
847 1722 913 1749 om.
942 1711 1026 1746 OD.
1054 1709 1245 1745 PHILOX.
1266 1710 1306 1744 F
1391 1710 1440 1743 At
1465 1710 1557 1744 haut
1578 1710 1641 1754 pol

112 1767 250 1802 nitent:
270 1767 441 1803 sordidae
455 1766 587 1802 ambae
607 1766 782 1802 uidentur
793 1766 1014 1801 Ritschclius
1032 1765 1094 1808 (cf.
1107 1768 1227 1800 tamen
1240 1763 1499 1807 Kellerhoffius
1510 1774 1547 1807 p.
1564 1766 1608 1798 71
1606 1765 1638 1806 ).

111 1821 161 1855 At
173 1820 237 1865 pol
252 1821 384 1856 nitent.
405 1819 506 1854 haud
521 1819 691 1855 sordidae
707 1819 881 1855 uidentur
901 1819 1034 1854 ambae
1055 1819 1153 1862 libri,
1167 1818 1242 1853 nisi
1256 1818 1350 1863 quocl
1361 1816 1410 1852 Et
1426 1817 1469 1861 Z,
1492 1816 1639 1863 sordide¹

110 1877 143 1908 et
167 1875 275 1922 ambe
303 1873 343 1918 Ο,
375 1873 483 1909 ambe
510 1872 566 1908 D:
597 1873 694 1918 quod
726 1876 896 1908 tutantur
929 1884 1009 1908 cum
1042 1872 1292 1907 Stuclemuriclo
1324 1871 1366 1906 de
1398 1875 1492 1906 cam.
1521 1882 1559 1915 p.
1588 1873 1641 1906 28

118 1927 308 1972 Ussinqius
333 1937 438 1962 versu
457 1926 638 1961 Reiziano
657 1926 833 1971 discripto
858 1930 891 1962 et
915 1925 990 1961 Leo
1017 1927 1039 1960 l.
1060 1936 1086 1961 s.
1107 1937 1134 1961 s.
1169 1926 1218 1959 At
1244 1924 1378 1969 edepol
1405 1924 1541 1958 nitent:
1564 1934 1637 1958 sor-

112 1978 221 2014 didae
243 1979 374 2014 ambae
401 1978 502 2013 haud
520 1990 556 2014 u.
584 1978 750 2015 BothiuS.
778 1978 829 2014 At
854 1981 925 2015 hae
944 1979 1009 2025 pol
1028 1978 1163 2014 nitent:
1194 1977 1366 2014 sordidae
1389 1977 1520 2011 ambae
1540 1976 1639 2010 haud

112 2044 146 2067 u.
187 2032 434 2068 Hermamius.
485 2032 534 2066 At
575 2032 637 2077 pol
668 2030 769 2066 haud
811 2033 947 2076 nitent,
990 2031 1162 2067 sordidae
1202 2030 1334 2066 ambae
1379 2042 1412 2065 u.
1453 2030 1641 2064 Lomanus

111 2079 211 2124 Spee.
238 2081 316 2115 crit.
338 2091 377 2125 p.
404 2081 452 2115 46
600 2082 699 2114 1125.
728 2079 888 2115 SOROR
913 2080 958 2114 B.
992 2090 1059 2115 om.
1088 2078 1189 2114 CD1.
1226 2077 1318 2113 NIC.
1346 2077 1412 2112 D'2.
1445 2076 1519 2111 BA.
1548 2076 1640 2120 FZ,

111 2132 394 2168 Brachmannus
514 2132 696 2168 Attonsae
721 2131 788 2175 (At
811 2135 919 2181 tonse
945 2133 991 2167 B.
1024 2134 1171 2179 attonse
1200 2132 1236 2167 C'.
1272 2131 1322 2166 At
1352 2128 1459 2165 tonse
1488 2129 1539 2173 F)
1571 2130 1639 2164 hae

109 2186 180 2234 (he
206 2186 254 2220 D.
282 2187 328 2221 he
355 2186 444 2230 CF)
473 2186 579 2222 libri:
605 2187 650 2229 cf.
677 2186 786 2222 Frid.
808 2186 970 2222 Schmidt
997 2187 1040 2222 cle
1065 2187 1254 2221 demonstr.
1277 2195 1386 2229 pron.
1407 2184 1511 2227 form.
1533 2194 1572 2227 12-
1595 2185 1640 2217 44

112 2244 144 2275 et
162 2239 346 2275 Luchsius
373 2239 562 2275 Commeat.
596 2250 692 2284 pros.
721 2240 777 2273 II
801 2251 840 2284 p.
868 2244 902 2276 8.
935 2239 1115 2275 Attonsae
1143 2250 1223 2273 cum
1254 2238 1388 2273 Bothio
1420 2236 1641 2272 Ritschelius

207 2294 314 2340 ambe
343 2292 379 2328 C'.
408 2291 514 2328 ambe
541 2292 580 2327 D
676 2292 802 2327 PHIL'
829 2293 874 2327 B.
901 2304 966 2329 om.
996 2293 1080 2328 OD.
1108 2291 1198 2327 NIC.
1228 2291 1308 2327 FZ
1419 2294 1518 2326 1126.
1547 2287 1638 2323 NIC.

113 2347 159 2382 B.
186 2357 252 2382 om.
280 2346 311 2382 G
319 2346 366 2381 D.
399 2345 524 2381 PHIL.
550 2347 683 2391 reliqui
780 2357 845 2381 suo
873 2347 950 2382 sine
977 2346 1175 2392 Seyffcrtus
1200 2347 1242 2382 dc
1268 2345 1387 2381 bacch.
1413 2354 1501 2380 vers.
1533 2354 1568 2387 p.
1590 2345 1639 2378 21

233 2403 334 2435 1127.
362 2400 435 2435 BA.
463 2410 528 2436 om.
551 2399 624 2435 OD
744 2400 856 2434 Rerin
881 2401 939 2434 ter
963 2401 1004 2435 tu
1030 2400 1069 2434 in
1094 2410 1189 2435 anno
1215 2409 1323 2444 posse
1350 2398 1416 2432 has
1443 2394 1640 2432 tonsitari?

113 2454 255 2498 scripsi.
282 2452 397 2489 Rerin
416 2454 473 2488 ter
491 2454 552 2495 (cx
576 2452 747 2488 Rerinter
768 2453 813 2488 B.
840 2453 919 2488 rein
945 2455 1002 2488 ter
1022 2454 1069 2497 Z)
1096 2453 1134 2487 in
1159 2464 1256 2488 anno
1277 2453 1319 2487 tu
1347 2452 1412 2486 has
1441 2450 1566 2494 (tubas
1587 2449 1641 2491 D)

115 2506 287 2542 tonsitari
319 2507 426 2551 libri,
456 2507 521 2542 ubi
545 2508 587 2541 tu
618 2506 656 2541 in
684 2518 778 2542 anno
812 2507 880 2541 has
907 2507 986 2543 ouis
1013 2507 1251 2549 Ritschelius,
1283 2507 1362 2540 tute
1395 2503 1434 2538 in
1460 2514 1556 2538 anno
1582 2504 1639 2536 ter

115 2559 180 2595 has
206 2560 316 2596 Fricl.
343 2560 505 2596 Schmidt
536 2561 579 2596 de
610 2561 799 2596 demonstr.
831 2571 936 2605 pron.
969 2561 1074 2603 form.
1109 2571 1148 2605 p.
1177 2561 1242 2602 35,
1280 2560 1375 2592 Hem
1409 2555 1507 2591 rerin
1533 2557 1573 2590 tu
1601 2555 1636 2588 in

115 2623 210 2649 anno
237 2616 292 2649 ter
318 2614 384 2649 has
410 2613 581 2648 tonsitari
608 2613 863 2657 Hermotimus,
894 2613 1006 2649 Rerin
1032 2615 1088 2648 ter
1114 2616 1154 2648 tu
1181 2612 1219 2646 in
1245 2621 1342 2646 anno
1369 2610 1489 2644 lanam
1520 2609 1577 2642 his
1605 2609 1630 2642 t.

114 2665 344 2712 Spenyelius,
382 2666 423 2700 R.
450 2667 508 2700 ter
533 2664 570 2700 in
598 2676 694 2701 anno
726 2667 767 2700 tu
795 2666 860 2700 has
887 2667 966 2702 ouis
992 2669 1018 2702 t.
1046 2665 1282 2711 Auspachius
1302 2676 1340 2709 1).
1370 2666 1427 2698 56.
1462 2663 1635 2697 librorum

113 2721 331 2764 scripturam
368 2730 433 2754 suo
468 2719 617 2764 quisque
653 2719 756 2754 modo
794 2723 963 2755 tutantur
1001 2718 1273 2754 Stuclemurzdus
1311 2717 1353 2751 cle
1384 2718 1476 2751 cant.
1506 2726 1544 2758 p.
1580 2716 1638 2756 50,

121 2772 329 2819 Ussinyius,
354 2773 426 2808 Leo
452 2773 474 2808 l.
501 2783 528 2808 s.
555 2783 581 2807 s.
725 2776 824 2807 1128.
854 2772 1013 2808 SOROR
1038 2773 1084 2807 B.
1111 2783 1176 2807 om.
1207 2770 1288 2805 OD.
1317 2769 1390 2802 ΒΛ.
1422 2769 1470 2810 Z,
1496 2767 1638 2803 Brach-

114 2836 280 2862 mannus.
319 2825 412 2861 NIC.
452 2825 492 2861 F
633 2825 753 2860 altera
790 2826 895 2868 libri,
932 2826 1173 2861 Buechelerus
1212 2824 1254 2857 dc
1285 2823 1370 2857 dccl.
1392 2832 1435 2865 21.
1467 2820 1554 2855 21²:
1593 2821 1638 2863 cf.

116 2878 366 2915 Fleckeiscmcs
385 2879 492 2915 Misc.
519 2881 597 2914 crit.
614 2891 652 2924 p.
677 2882 719 2913 11
740 2889 791 2923 sq.
819 2879 937 2914 altera
958 2880 1048 2913 haee
1069 2877 1290 2912 Ritschelius
1316 2875 1465 2919 Par-cry.
1490 2884 1527 2918 p.
1555 2875 1638 2907 405,

120 2931 238 2968 altera
275 2934 330 2968 est
368 2937 400 2968 et
436 2934 479 2968 in
514 2933 585 2976 fine
623 2933 723 2967 certo
761 2932 928 2968 Bothius.
962 2932 1101 2967 alterae
1140 2929 1354 2973 ›S'pcnsselius
1392 2927 1413 2962 I.
1449 2937 1477 2962 s.
1508 2937 1553 2961 s..
1592 2928 1634 2968 cf

1309 2986 1356 3019 9²³*
