1946 3344
237 762 327 807 Ary.
354 773 386 796 v.
412 763 448 796 2.
501 761 596 795 clam
624 761 742 795 altero
772 760 942 806 Pylades.
992 759 1143 794 illorum
1171 759 1288 795 altero
1315 759 1363 795 (R.
1415 759 1532 794 altero
1558 759 1646 795 ilico

121 816 321 851 Muellerus
347 814 449 849 Pros.
473 826 510 859 p.
538 817 611 850 497
621 825 670 859 sq.
705 835 747 839 -
782 814 919 848 Eorum
953 814 1128 858 surrupto
1161 812 1279 848 altero
1317 814 1475 848 mortem
1502 813 1647 857 oppetit

123 869 290 914 Opitzius
314 869 356 903 in
382 868 487 903 Stud.
518 867 619 912 Lips.
655 867 715 901 VI
733 879 772 912 p.
803 869 878 902 253
891 877 941 911 sq.
965 869 1039 902 273
1075 867 1167 901 male
1202 867 1375 901 adhibens
1403 866 1492 901 ‘cod
1522 866 1560 900 F
1563 866 1642 901 lor.’

120 923 221 967 apud
239 922 428 958 Osannum
446 922 667 966 scripturam
693 921 748 955 Ex
772 919 847 955 illis
867 933 893 955 s.
915 931 947 954 a.
976 921 1134 955 mortem
1162 919 1306 964 oppetit
1324 921 1389 965 (sic
1414 920 1642 964 Lambinus).

120 996 164 1001 -
192 975 246 1020 Of.
272 987 303 1010 v.
333 977 380 1010 34
393 985 464 1020 sqq.
492 978 525 1009 et
551 973 699 1009 Trueul.
726 985 757 1008 v.
785 975 882 1018 624,
907 973 1000 1008 Hor.
1028 984 1056 1009 c.
1087 974 1142 1008 II
1161 975 1196 1017 3,
1221 976 1273 1008 26
1286 985 1335 1018 39.

238 1029 329 1074 Arg).
355 1040 387 1063 v.
415 1031 447 1063 3.
499 1027 663 1072 surrepbi
688 1026 788 1061 illius
808 1025 865 1061 illi
891 1025 988 1060 indit
1010 1027 1179 1072 Pylades.
1232 1025 1442 1070 suri-epbicii
1468 1025 1566 1060 indit
1591 1025 1650 1060 illi

122 1083 182 1128 (cf.
198 1084 294 1128 prol.
320 1094 351 1117 v.
379 1082 444 1126 42)
473 1081 707 1116 Camerarius
732 1092 807 1116 non
832 1080 1058 1124 improbante
1086 1081 1265 1115 DIuellero
1285 1080 1389 1114 Pros.
1407 1091 1445 1124 p.
1461 1082 1532 1114 490
1554 1079 1648 1124 [sur-

119 1135 254 1181 reptici
267 1135 325 1170 illi
339 1136 436 1170 indit
460 1135 643 1170 Vahlenus
665 1146 778 1179 prave
796 1144 885 1169 usus
903 1134 998 1176 falso
1018 1134 1060 1167 de
1082 1133 1117 1167 B
1137 1133 1338 1168 testimonio
1365 1132 1574 1176 surreptiti:
1602 1132 1647 1174 cf.

126 1190 362 1234 Woelfflinus
386 1190 428 1224 in
454 1190 591 1224 Archio
623 1188 659 1223 V
682 1191 731 1232 (a.
752 1189 869 1230 1888)
892 1198 930 1230 p.
952 1189 1038 1230 421,
1063 1187 1128 1221 ubi
1153 1187 1193 1221 id
1218 1187 1337 1230 ipsum
1363 1186 1529 1230 eoeposuit
1554 1186 1649 1230 quod

120 1244 222 1288 ‘phil
249 1243 454 1279 Rundsch.’
485 1255 518 1278 a.
544 1245 645 1278 1882
667 1254 706 1287 p.
734 1243 810 1277 723
834 1241 1126 1285 sz'ynisicaveram
1158 1251 1232 1275 non
1257 1241 1450 1284 recipiente
1487 1239 1646 1273 Vahleno

120 1298 279 1332 Hermae
301 1297 432 1332 XVII
446 1309 485 1341 p.
506 1296 607 1342 620].
659 1295 820 1340 surrepti
845 1293 924 1328 illic
950 1293 1046 1327 indit
1067 1293 1280 1339 Spenqelius
1302 1293 1340 1327 T.
1366 1293 1423 1327 M.
1447 1293 1488 1326 Ρ.
1507 1295 1646 1336 p.192.

121 1350 286 1396 sui-rupti
317 1350 371 1385 ibi
405 1350 503 1385 indit
533 1349 592 1384 illi
618 1349 657 1384 <R
681 1351 722 1384 in
748 1349 855 1392 edit„
890 1348 954 1382 ubi
975 1358 1045 1392 pro
1078 1347 1130 1381 ibi
1156 1347 1315 1382 Brixius
1341 1349 1443 1389 tum,
1482 1346 1648 1389 Opiteius

115 1416 154 1449 p.
169 1407 246 1440 272
265 1415 350 1438 cum
370 1405 633 1449 proponebant.
687 1400 853 1446 surrupti
872 1402 975 1446 pueri
996 1401 1052 1435 illi
1073 1401 1169 1434 indit
1188 1401 1225 1436 CR
1249 1401 1377 1444 Opusc.
1396 1400 1448 1433 II
1460 1412 1496 1443 p,
1514 1402 1584 1432 410
1599 1410 1649 1442 sq.

122 1457 282 1493 Ceterum
315 1458 360 1501 cf.
393 1457 560 1503 Hecyrae
586 1468 664 1502 per.
698 1467 727 1490 v.
757 1458 797 1491 5:
823 1454 1016 1489 Profectus
1050 1454 1157 1488 dein
1190 1454 1228 1488 in
1262 1453 1435 1487 Imbrum.
1474 1474 1511 1476 —-
1558 1451 1598 1485 V.
1626 1456 1646 1485 4

119 1511 214 1546 facit,
237 1512 388 1546 notabat
424 1511 462 1545 'R
498 1511 634 1546 addens
669 1511 710 1544 in
740 1509 860 1554 praef.
882 1521 921 1553 p.
949 1509 1015 1543 IX
1039 1508 1134 1542 nihil
1168 1507 1212 1541 ab
1247 1508 1466 1551 antiquitate
1492 1506 1651 1539 alienius

121 1575 192 1600 esse
222 1576 332 1610 quam
364 1565 562 1600 admissum
593 1564 700 1599 talem
735 1565 974 1607 anapaestum
1007 1562 1183 1606 paternus
1210 1557 1323 1595 facit:
1356 1564 1393 1595 at
1419 1560 1464 1602 cf.
1495 1559 1648 1593 Muelle-

120 1629 186 1653 rus
210 1618 314 1654 Pros.
335 1630 375 1663 p.
405 1621 488 1661 110,
517 1618 683 1662 Opiteius
703 1627 742 1660 p.
768 1617 853 1651 263.

240 1672 332 1718 Ary.
358 1683 390 1708 v.
419 1675 452 1707 6.
502 1671 600 1705 Ante
637 1669 887 1705 Camerarium
919 1669 1014 1703 hunc
1046 1678 1185 1703 versum
1221 1668 1401 1702 adiecerat
1427 1666 1651 1700 Beroaldus:

123 1726 283 1761 Cunctas
309 1737 377 1770 per
403 1736 485 1761 oras
509 1723 548 1758 in
574 1723 814 1768 epidamnum
851 1723 965 1757 uenit.
1015 1722 1090 1757 Pro
1116 1723 1202 1766 post
1227 1719 1474 1765 Epidamnum
1502 1718 1654 1754 deuenit-

123 1779 303 1826 Berykius
331 1779 463 1824 Opusc.
489 1778 518 1812 Ι
541 1789 583 1822 p.
611 1779 685 1813 678
715 1777 927 1812 dubitanter
958 1776 1146 1820 postremo
1171 1773 1421 1819 Epidamnum
1447 1773 1570 1807 uenit:
1604 1772 1652 1815 ef.

121 1832 253 1868 Brixii
278 1833 400 1868 adnot.

240 1886 331 1931 Ary.
357 1897 388 1922 v.
417 1888 451 1922 7.
501 1884 571 1919 Hic
605 1883 701 1928 (Huc
733 1883 934 1926 Meursius)
965 1880 1089 1916 fuerat
1128 1881 1282 1915 auectus
1315 1880 1530 1915 Beroaldus.
1582 1878 1650 1913 Hic

121 1939 244 1974 fuerat
270 1940 400 1974 auctus
425 1938 667 1974 Camerarius.
717 1935 800 1972 Huc
819 1935 943 1970 fuerat
969 1935 1102 1970 ductus
1118 1935 1326 1977 Acidalius,
1353 1934 1447 1978 quod
1471 1933 1649 1977 recipiens

122 1994 162 2028 ‘R
189 1993 279 2028 ‘non
303 1992 410 2028 male’
440 1991 554 2027 alitus
579 1991 693 2037 (altus
713 1990 870 2035 Parcus)
896 1990 1032 2034 corriyi
1057 1989 1220 2024 addidit:
1247 1988 1292 2031 cf.
1317 1987 1482 2032 Opiteius
1503 1998 1542 2030 p.
1563 1988 1651 2021 243.

123 2045 181 2081 De
204 2057 236 2082 v.
264 2050 284 2081 8
311 2047 357 2090 cf.
387 2046 590 2081 Muellerus
619 2044 723 2079 Pros.
744 2055 785 2088 p.
812 2045 893 2078 514.
922 2045 1005 2078 694.

241 2100 332 2145 Ary.
352 2111 384 2135 v.
406 2102 464 2135 10.
515 2098 572 2133 Ibi
598 2109 636 2133 se
664 2100 894 2143 cognoscunt
914 2098 953 2132 R
973 2107 1053 2131 cum
1073 2095 1219 2131 Botlzio.
1272 2094 1431 2130 Ceterum
1458 2093 1502 2136 cf.
1532 2092 1653 2127 Ottius

126 2155 261 2189 Annal.
283 2154 376 2199 phil.
406 2152 506 2189 CIX
530 2155 580 2196 (a.
607 2154 718 2195 1874)
741 2163 780 2197 p.
809 2154 884 2187 863
911 2151 997 2185 adn.

242 2205 510 2242 PROLOGVS.
563 2205 617 2240 ‘E
641 2206 854 2250 disparibus
874 2204 1048 2249 partibus
1079 2204 1196 2244 hune,
1222 2202 1342 2246 qualis
1368 2211 1466 2235 nunc
1491 2200 1653 2242 liabetur,

121 2261 314 2305 prologum
342 2260 538 2304 conflatum
569 2270 640 2294 esse
673 2259 844 2294 viderunt
872 2258 1042 2292 Osannus
1068 2256 1179 2291 Anal.
1202 2267 1240 2299 p.
1271 2256 1341 2289 178
1357 2264 1406 2298 sq.
1434 2257 1465 2287 et
1490 2253 1655 2287 Ladewi-

123 2315 208 2358 qius
236 2313 422 2358 Philoloyi
447 2313 476 2346 I
495 2324 533 2357 p.
559 2315 633 2348 278
646 2323 719 2357 sqq.
773 2311 886 2346 Cuius
907 2311 1054 2355 proloqi
1085 2310 1242 2354 ineptias
1268 2308 1453 2352 plurimas
1472 2306 1655 2350 patienter

124 2368 276 2403 tolerare
307 2367 513 2412 praestabit
546 2377 654 2410 quam
690 2366 744 2400 rel
779 2365 1000 2400 emendando
1031 2364 1085 2399 vel
1117 2362 1308 2397 resecando
1334 2359 1468 2394 tollcre’
1500 2358 1546 2393 R
1601 2359 1652 2392 (rb

124 2431 154 2455 v.
173 2424 196 2455 6
216 2431 295 2456 cum
309 2432 340 2456 v.
357 2423 402 2455 14
415 2430 487 2464 sqq.
514 2419 796 2464 repuynantiam
816 2420 979 2462 apertam
1000 2427 1080 2451 cum
1105 2416 1179 2450 iam
1200 2414 1370 2457 Us'olfftus
1399 2412 1455 2447 ‘de
1467 2413 1558 2456 prol.
1575 2411 1648 2445 Pl?

125 2473 284 2517 (Guben.
312 2485 345 2509 a.
372 2475 489 2517 1812)
513 2485 544 2508 v.
565 2475 686 2508 1-12
712 2472 884 2514 reiecerit,
909 2471 1042 2506 rectius
1061 2473 1145 2514 post
1167 2469 1354 2503 Osannum
1378 2477 1409 2501 v.
1428 2469 1544 2500 7--16
1571 2475 1652 2498 con-

127 2528 250 2563 tinuos
284 2538 307 2562 a
338 2538 370 2562 v.
410 2530 505 2561 1—6
538 2529 774 2571 seyreqarunt
810 2525 931 2566 (cuius
965 2524 1019 2558 rei
1051 2523 1228 2558 rationem
1261 2532 1336 2556 non
1375 2520 1464 2554 satis
1497 2518 1654 2562 respexit

126 2580 352 2616 Dombartus
378 2579 453 2614 ‘BL
480 2580 506 2622 f.
535 2580 564 2614 b.
597 2578 744 2624 Gymn.'
776 2578 922 2620 XVII,
948 2581 1065 2619 1881,
1085 2588 1123 2621 p.
1153 2578 1224 2619 34).
1276 2575 1362 2609 Iam
1387 2584 1467 2607 cum
1497 2571 1655 2605 Briaeius

134 2633 385 2678 Vahlenusque
411 2632 509 2668 Mus.
536 2632 651 2667 Rlzen.
682 2631 858 2667 XXVII
878 2642 917 2676 p.
945 2633 1015 2665 173
1029 2641 1100 2675 sqq.
1134 2629 1274 2673 reliqua
1308 2637 1387 2661 cum
1420 2625 1569 2659 alterius
1595 2634 1653 2657 ecc-

127 2688 226 2723 ordii
255 2687 420 2723 versibus
455 2686 668 2720 continuari
696 2696 800 2730 posse
825 2686 1038 2729 opinentur,
1070 2684 1182 2718 latius
1210 2684 1335 2725 patere
1367 2677 1654 2723 dittoqraplee'am

128 2752 172 2777 ex
202 2744 312 2787 parte
348 2739 584 2776 certissimam
630 2739 886 2773 intelleoeerunt
929 2749 1009 2773 cum
1057 2737 1089 2770 T
1089 2736 1253 2779 eujl‘elizcs
1293 2732 1410 2768 ‘Stud
1450 2742 1486 2765 u.
1526 2728 1648 2764 Char)

125 2806 162 2839 p.
190 2798 266 2831 263
280 2806 353 2840 sqq.
404 2792 673 2836 Loreneiusque
701 2792 898 2836 ‘Goettiny⁷
925 2792 990 2835 φῖ.
1018 2789 1113 2825 ane?
1143 2801 1174 2823 a.
1205 2791 1301 2822 1868
1323 2797 1361 2829 p.
1383 2787 1480 2819 1208
1493 2794 1542 2828 39.
1576 2786 1651 2817 tum

129 2848 328 2892 Lanyenus
359 2846 444 2880 Ind.
478 2846 552 2880 lect.
588 2845 747 2880 Monast.
781 2857 814 2879 a.
850 2847 945 2879 1873
978 2847 1009 2877 et
1042 2841 1218 2877 Deiatzlco
1242 2838 1380 2874 Annal.
1406 2837 1494 2881 phil.
1524 2836 1652 2880 CVII,

129 2913 162 2936 a.
201 2904 316 2944 1873,
350 2911 389 2945 p.
426 2901 584 2943 833sqq.
637 2897 691 2941 Of.
719 2899 767 2932 ad
802 2909 832 2932 v.
862 2902 914 2931 19,
949 2900 998 2932 22
1012 2908 1061 2940 39.
1102 2896 1187 2930 361».
1224 2898 1271 2927 38
1285 2904 1334 2937 sq.
1379 2893 1425 2924 43
1439 2900 1510 2934 sqq.
1544 2892 1652 2934 583q.

132 2957 179 2989 63
194 2965 268 2999 sqq.
296 2957 346 2990 72
366 2964 438 2999 sqq.
