1946 3344
319 201 384 235 XII
940 198 1213 233 PRAEFATIO

322 311 591 352 discesserim
631 310 736 350 satis
778 311 974 350 accurate
1013 306 1209 348 indicavi.
1269 304 1476 348 Attamen
1514 321 1567 348 ne
1607 306 1709 361 quid
1741 306 1846 349 desi-

320 382 508 435 deretur,
547 380 680 435 siquis
721 380 797 420 sub
837 394 921 420 uno
959 380 1191 432 conspectu
1224 393 1424 419 versuum
1463 378 1668 419 terminos
1700 377 1840 432 perlu-

322 456 458 494 strare
491 452 685 505 voluerit,
717 451 824 492 haec
854 451 1028 492 habeto:

442 539 477 566 v,
514 522 760 565 195—239
773 520 814 577 2³⁴)
854 522 914 563 sic
952 521 1113 562 claudit
1156 520 1223 562 B:
1272 535 1321 563 ea·
1352 534 1419 573 seq
1450 543 1508 549 -—-
1539 519 1649 562 labos
1685 520 1764 561 erit
1795 543 1845 549 —

321 596 436 637 liberi
473 620 518 624 ——
557 595 702 636 bonust
732 617 786 623 —
820 593 892 634 oho
925 592 1002 634 hoh
1024 616 1076 621 —-
1099 592 1316 633 miraelitis
1352 616 1399 620 —
1435 591 1611 632 adiuuat
1633 616 1682 621 —
1707 595 1850 645 postea

325 691 374 696 -—
410 666 587 707 uinculis
621 690 673 693 —-
707 665 849 706 emerit
883 688 931 693 —
967 677 1042 705 nos
1075 687 1128 692 —
1161 666 1273 705 sinat
1308 687 1356 691 —
1392 663 1516 716 emitis
1549 687 1601 692 —
1635 664 1768 705 deceat
1792 687 1846 693 —

320 738 506 779 dehortor
541 761 590 766 ——
632 737 802 778 arbitris
839 759 884 764 —
923 736 1053 777 locum
1091 735 1280 788 loquendi
1320 758 1369 764 —
1412 735 1605 788 ineipesse
1645 759 1699 763 —
1733 734 1849 775 ambo

327 833 373 838 —
410 809 599 850 uolumus
629 821 704 849 nos
745 832 794 836 —
836 810 1032 860 compotes
1067 830 1115 835 —
1145 806 1289 857 procul
1324 830 1373 834 —
1416 809 1566 858 queant
1600 829 1648 834 —
1681 806 1850 858 s'allatz'a

327 906 372 909 —
411 881 520 922 eolus
550 905 608 909 —
631 879 828 932 prouenit
859 903 911 907 —
946 877 1141 920 assimulo
1177 902 1226 906 —
1262 877 1432 918 arbitris
1462 902 1520 906 —
1551 876 1762 930 diliyenter
1795 900 1845 905 —-

321 952 588 993 sonm‘ieulose
622 950 694 992 hoe
737 975 786 980 »-
828 963 942 1003 spero
985 974 1029 978 —
1075 949 1204 1002 capite
1241 973 1290 978 —
1325 949 1482 990 uilitate
1517 972 1566 977 —
1601 947 1762 990 habebis
1797 971 1845 977 —

321 1024 465 1065 uolunt
494 1048 543 1051 —-
570 1036 694 1076 penes
725 1035 806 1064 sese
835 1021 985 1062 habent
1018 1044 1067 1049 —
1100 1020 1477 1072 fhuudulentissinn'
1512 1044 1560 1048 —
1593 1022 1761 1061 autumo
1792 1043 1850 1048 —

311 1095 432 1148 patri
467 1118 516 1124 —
550 1094 756 1135 nominem
793 1116 842 1122 —-
868 1105 1111 1146 proxumus.

440 1181 476 1207 v.
511 1165 773 1207 781—7902
805 1164 943 1205 uoluto
977 1188 1029 1192 —
1064 1163 1110 1204 in
1141 1163 1280 1204 animo
1315 1186 1365 1191 —
1402 1162 1520 1215 quini
1561 1186 1607 1190 —
1644 1162 1850 1203 inridebor

325 1262 374 1266 —
407 1238 616 1291 loquentur
652 1260 701 1264 —-
737 1236 837 1277 data
861 1238 959 1276 sunt
989 1258 1043 1262 —
1076 1235 1197 1275 uideo
1233 1258 1283 1262 —
1319 1237 1502 1275 aetzrrust
1534 1258 1585 1262 —
1619 1233 1724 1274 hane
1754 1247 1850 1274 rem.

442 1324 478 1350 v.
512 1307 780 1351 832—837:
811 1310 930 1348 uocat
965 1330 1013 1334 —
1042 1305 1152 1347 iubes
1185 1305 1238 1333 -ὲ
1271 1308 1472 1357 quantum
1503 1307 1561 1347 est
1593 1328 1643 1334 -
1678 1305 1850 1346 aduenis

323 1405 377 1409 —-
407 1380 584 1432 fastidis.

440 1466 474 1493 v.
508 1451 594 1492 922
614 1450 786 1492 —9292
835 1463 1009 1503 maynas
1061 1473 1110 1478 —-
1164 1448 1384 1489 reciderunt
1432 1472 1485 1476 —
1531 1450 1764 1489 exemerunt
1797 1471 1844 1476 —

320 1522 598 1565 sustentabant
627 1546 677 1550 —
706 1524 848 1563 nostra
874 1545 931 1549 —
955 1520 1071 1561 nobis
1101 1544 1150 1549 ——
1180 1520 1388 1560 macemui
1418 1518 1491 1560 hoo
1522 1543 1577 1548 —
1603 1518 1848 1560 memorasti.

440 1594 503 1635 De
543 1608 825 1647 personarum
870 1592 1116 1633 nominibus
1165 1591 1363 1644 notisque
1405 1590 1515 1630 nihil
1557 1591 1712 1642 restat,
1752 1603 1849 1630 cum

323 1681 466 1707 veram
495 1664 685 1719 Ergasili
717 1663 901 1705 nominis
936 1663 1268 1717 explicationem
1290 1681 1345 1695 =
1367 1660 1602 1716 ἐργάσιμος
1627 1661 1652 1702 i.
1675 1675 1709 1701 e.
1732 1674 1844 1702 scor-

320 1740 412 1778 tum
447 1735 516 1791 (cf.
549 1751 585 1777 v.
620 1735 673 1776 69
691 1733 801 1790 sqq.)
845 1749 894 1775 ex
927 1733 1201 1775 Artemidoro
1235 1732 1451 1774 Oneirocr.
1482 1732 1502 1773 I
1537 1733 1590 1774 78
1624 1731 1845 1772 stabilien-

324 1805 498 1862 damssss)
532 1805 768 1860 Koenigius
803 1806 853 1846 de
885 1820 998 1846 nom.
1026 1819 1166 1858 propr.
1195 1818 1301 1857 quae
1335 1806 1435 1844 sunt
1463 1803 1576 1857 apud
1609 1803 1669 1844 Pl.
1691 1804 1733 1843 et
1753 1801 1847 1842 Ter.

325 1879 385 1920 ed.
420 1877 644 1920 Patzschk.
677 1892 713 1918 a.
743 1877 855 1918 1876
887 1892 927 1930 p.
955 1876 1005 1916 19
1022 1890 1080 1929 sq.
1115 1874 1393 1929 praeceperit,
1426 1889 1551 1928 quem
1584 1874 1657 1915 alii
1688 1873 1850 1914 ironice

324 1948 584 2004 ‘operosum'
625 1948 707 1989 dici
740 1948 1030 2002 opinabantur
1063 1946 1397 2000 opinanturque,
1438 1946 1554 1986 velut
1586 1943 1848 1985 Ritschelius

323 2022 477 2075 Opusc.
496 2019 599 2074 phil.
626 2018 690 2059 ΙΙΙ
722 2034 761 2072 p.
784 2019 881 2071 302,
909 2017 1156 2072 Vssingius‚
1188 2016 1419 2058 Lorenzius
1454 2015 1604 2071 (etiam
1636 2016 1682 2056 in
1713 2015 1849 2056 altera

325 2091 509 2132 editione
542 2089 695 2131 Militis
730 2089 907 2144 gloriosi
940 2104 975 2131 a.
1011 2089 1123 2130 1886
1156 2103 1195 2142 p.
1216 2085 1275 2143 5).
1324 2087 1470 2128 Vnum
1503 2101 1604 2128 sane
1637 2101 1724 2127 non
1756 2088 1846 2126 tam

324 2162 480 2204 novavi
501 2176 628 2215 quam
651 2161 829 2214 servavi,
857 2159 1052 2214 quamvis
1075 2159 1303 2213 plerosque
1331 2159 1562 2199 miraturos
1584 2171 1677 2199 esse
1698 2157 1847 2198 sciam:

323 2232 435 2288 quod
462 2233 683 2274 lolarium
710 2232 981 2284 lozarwsque
1001 2230 1164 2284 scripsi.
1201 2229 1258 2270 At
1276 2229 1387 2271 hanc
1408 2230 1592 2270 formam
1613 2242 1698 2269 non
1720 2226 1847 2268 modo

323 2366 588 2410 auctoritatis'‚
615 2365 730 2410 siquis
751 2364 942 2400 dochmios
968 2363 1232 2398 describendae
1258 2363 1452 2398 velocitati
1479 2362 1714 2398 exanimatae
1741 2361 1848 2405 aptos

322 2420 437 2455 habet
464 2420 522 2464 (cf.
551 2419 598 2453 ad
624 2430 656 2454 v.
685 2422 752 2453 506
769 2420 837 2463 sq.)
862 2417 922 2453 vel
949 2428 1014 2461 per
1039 2419 1261 2461 anapaestos
1288 2417 1474 2452 balbutire
1501 2417 1643 2451 ebrium
1671 2413 1798 2449 credit.

418 2474 452 2518 *)
478 2472 661 2508 versuum
688 2483 861 2506 numeros
888 2471 1014 2505 curavi
1040 2472 1081 2504 ut
1107 2481 1189 2504 cum
1215 2469 1533 2505 Fleckeisenianis
1550 2489 1592 2494 —
1608 2478 1706 2502 nunc
1733 2466 1848 2501 etiam

324 2526 506 2561 Brixianis
536 2547 576 2551 —
606 2525 856 2560 concinerent:
891 2522 1141 2568 discrepantia
1173 2535 1252 2557 cum
1281 2534 1357 2557 non
1382 2523 1502 2558 exstet
1537 2521 1607 2556 nisi
1635 2520 1734 2555 intra,
1759 2531 1847 2564 pau-

324 2593 449 2616 corum
477 2590 647 2614 versuum
676 2577 869 2620 ambitum,
897 2576 959 2610 ubi
987 2588 1029 2610 ex
1055 2576 1135 2620 ipsa
1161 2577 1399 2610 adnotatione
1426 2575 1514 2619 quid
1540 2574 1750 2608 necessario
1777 2572 1848 2608 dis-

326 2635 453 2679 crepet
479 2633 634 2676 eluceat,
660 2630 762 2666 nolui
789 2630 845 2664 his
874 2630 962 2664 locis
989 2630 1025 2664 in
1055 2629 1219 2673 margine
1246 2629 1387 2664 alienos
1414 2628 1550 2663 addere
1576 2637 1758 2661 numeros.

419 2686 472 2730 *ἢ
500 2686 614 2721 Recte
647 2686 743 2719 hunc
770 2684 889 2719 locum
918 2683 1056 2717 dudum
1091 2681 1314 2716 adhibuerat
1345 2682 1497 2716 Carolus
1523 2679 1731 2714 Friderieus
1758 2679 1844 2713 Her-

326 2752 481 2775 mannus
513 2739 551 2773 in
584 2737 920 2773 Lindemannianae
954 2735 1127 2770 editionis
1160 2735 1365 2779 exemplari
1399 2732 1703 2769 adnotationibus
1735 2743 1847 2767 manu

325 2792 473 2838 scriptis
499 2792 633 2827 referto
661 2791 759 2836 quod
786 2790 823 2824 in
848 2789 1077 2823 bibliotheca
1103 2787 1341 2831 (iottingensi
1367 2789 1543 2822 servatur.
1579 2786 1685 2820 Vnde
1711 2785 1847 2820 libcra-

325 2844 411 2879 litcr
437 2845 527 2879 mihi
561 2843 768 2879 transmisit
792 2842 1058 2877 Wilmannsius
1092 2839 1148 2875 vir
1175 2840 1401 2875 clarissimus
1432 2838 1597 2883 mihique
1624 2838 1848 2873 benevolen-

325 2898 500 2933 tissimus.
565 2896 734 2932 Ceterum
773 2906 959 2941 perpauca
996 2905 1091 2936 csse,
1137 2904 1231 2937 qnae
1271 2904 1312 2927 ex
1359 2891 1636 2928 commentariis
1678 2889 1847 2934 quamvis

327 2951 566 2996 diligentibus
594 2949 796 2984 Her-manni
824 2947 1067 2990 adhibuerim,
1094 2958 1167 2981 non
1194 2946 1397 2981 miraberis.
