1946 3344
315 242 371 282 46
990 240 1165 275 PLAVTI
1598 238 1650 272 111
1672 245 1702 283 1,
1724 243 1840 275 6-17

317 340 465 392 Omnis
500 351 551 391 ad
584 349 817 405 perniciem
850 350 1063 390 instructa
1095 348 1245 388 domus
1276 348 1416 402 opime
1449 349 1576 401 atque
1603 348 1839 403 opiparest:

317 421 434 470 Quae
465 424 514 463 ut
545 421 709 476 aspexi,
742 422 809 461 me
841 420 1045 462 continuo
1079 418 1240 460 c6ntuli
1272 418 1488 472 protinam
1520 417 1566 460 1²11
1597 420 1738 473 pedes.

316 483 484 548 (Egone
516 495 565 534 ut
595 492 701 533 haec
734 492 932 533 conclusa
965 493 1130 544 gestem
1163 489 1434 531 clanculum?
1473 492 1521 531 ut
1552 490 1686 531 celem

1525 563 1711 616 patrem,
1772 572 1839 604 375

316 633 565 688 Pistoclere,
598 637 673 675 tua
704 634 872 688 flagitia
904 636 978 674 aut
1010 633 1164 674 damna
1196 635 1271 673 aut
1302 632 1598 673 desidiabula‘?

316 705 481 755 Quibus
513 709 678 759 patrem
718 709 760 746 et
792 720 859 746 me
890 706 1017 759 teque
1057 704 1299 758 amicosque
1333 705 1480 744 omnes
1521 704 1711 745 adfectas
1742 707 1840 746 tuos

314 764 383 817 Ad
413 777 635 831 probrum,
668 777 891 830 damnum,
923 775 1136 830 flagitium
1169 775 1381 829 adpellere
1415 790 1499 816 una
1532 777 1574 816 et
1605 775 1792 829 perdere.

315 847 464 901 Neque
498 847 581 888 mei
612 862 748 902 neque
780 849 823 888 te
854 847 920 888 tui
951 847 1066 888 intus
1099 846 1340 901 puditumst
1370 846 1494 887 factis
1528 847 1636 900 quae
1661 846 1786 888 facis:

316 917 480 967 Quibus
513 921 632 959 tuom
664 919 831 973 patrem
863 932 1013 972 meque
1047 932 1131 959 una
1163 916 1321 959 amicos
1355 915 1508 958 adfinis
1541 920 1638 958 tuos
1772 927 1840 959 380

314 989 407 1030 Tua
437 988 616 1030 infamia
646 989 788 1031 fecisti
821 989 1117 1045 gerulifigulos
1150 988 1300 1043 flagiti.

315 1059 356 1101 N
359 1064 440 1102 rinc
460 1060 578 1114 prius
600 1075 728 1115 quam
748 1061 910 1102 malum
930 1059 1041 1102 istoc
1061 1059 1183 1101 addis
1205 1061 1412 1101 certumst
1431 1059 1517 1100 iam
1539 1059 1676 1101 dicam
1697 1057 1842 1115 patri.)

315 1130 379 1195 De
411 1146 478 1173 me
510 1131 621 1172 hanc
655 1131 823 1185 culpam
855 1131 1095 1172 demolibor
1126 1131 1213 1173 iam
1247 1134 1289 1173 et
1321 1132 1410 1173 seni
1441 1132 1599 1173 faciam
1627 1132 1785 1187 palam,

311 1202 376 1244 Vt
408 1205 586 1257 gnatum
621 1217 670 1244 ex
703 1203 916 1244 lutulento
949 1217 1080 1244 caeno
1114 1204 1294 1257 propere
1325 1203 1425 1245 hinc
1457 1203 1602 1244 eliciat
1631 1202 1761 1246 foras.

409 1336 489 1366 376.
517 1336 595 1366 377.
629 1331 776 1366 Nonius
806 1343 842 1376 2³·
871 1335 936 1367 75:
974 1332 1197 1367 affectare
1231 1330 1390 1366 afficere.
1429 1331 1620 1365 Plautus
1647 1329 1842 1365 Bacchi-

314 1385 467 1420 dibus:
509 1385 608 1419 ‘tua
635 1412 641 1419 .
671 1412 676 1419 .
705 1413 712 1419 .
739 1385 860 1420 tuos’
991 1390 1070 1420 379.
1113 1385 1297 1419 Priscian.
1331 1385 1372 1419 in
1405 1384 1564 1419 Gramm.
1600 1385 1661 1418 lat.
1695 1385 1762 1419 vol.
1791 1384 1847 1417 ΙΙ

312 1451 347 1483 p.
375 1441 460 1481 421,
481 1442 521 1472 1.-
550 1437 727 1480 Quamuis
752 1438 897 1482 antiqui
925 1439 1114 1483 epuditum
1139 1438 1207 1472 ire’
1238 1437 1412 1473 dicebant
1437 1440 1475 1473 et
1502 1437 1730 1482 ‘pudibus’
1760 1447 1843 1481 par-

312 1491 500 1536 ticipium,
527 1493 569 1525 nt
594 1492 793 1526 Plautus
819 1491 857 1525 in
884 1491 1210 1526 Bacchidibus:
1239 1491 1402 1535 ‘neque
1428 1490 1609 1526 mei...
1637 1490 1773 1525 facis'

313 1547 417 1580 Idem
436 1557 476 1590 p.
505 1549 596 1587 50²0,
618 1549 688 1580 28:
722 1545 891 1589 quamuis
918 1545 1070 1588 quidam
1096 1545 1305 1590 puditum
1338 1550 1554 1590 posuerunt)
1580 1545 1622 1579 ut
1653 1544 1843 1578 Plautus

310 1600 349 1633 in
375 1598 700 1634 Bacchidibus:
736 1598 900 1642 ‘neque
928 1599 1012 1632 mei
1045 1627 1051 1633 .
1084 1625 1092 1633 .
1124 1626 1130 1632 .
1165 1597 1317 1632 facis’.
1344 1598 1380 1632 A
1408 1598 1606 1633 Prisciano
1624 1598 1757 1643 pendet
1785 1608 1844 1632 ex-

314 1656 472 1697 ceiffltor,
498 1653 540 1687 cle
565 1662 634 1696 quo
660 1653 731 1696 cyil
757 1652 934 1687 Kleinius
959 1652 1001 1686 cle
1026 1653 1101 1687 cod.
1131 1651 1209 1687 Cas.
1230 1663 1269 1696 p.
1298 1655 1346 1687 36

316 1775 458 1800 sorores
479 1775 582 1799 erasa
605 1775 642 1798 se
668 1768 709 1799 iit
733 1765 805 1799 vid.
832 1765 869 1798 Β
942 1776 1014 1808 que
1034 1765 1069 1798 Β
1078 1764 1165 1798 DF
1247 1763 1411 1798 omnium
1433 1765 1484 1808 Ζ,
1510 1765 1583 1799 cod.
1611 1763 1844 1807 Scliobiiiyeri

408 1823 488 1853 373.
516 1818 727 1863 permitiem
755 1818 817 1851 B1.
844 1818 1043 1862 pernitiem
1069 1817 1105 1851 Β
1131 1828 1275 1852 rasura.
1302 1816 1498 1861 pernitiem
1528 1817 1601 1852 OD
1704 1817 1843 1861 optime

317 1873 349 1906 Z
445 1872 634 1916 opiparesn
660 1871 888 1906 Ritschelius.
916 1871 1068 1916 opipare
1090 1870 1167 1915 (opi
1192 1881 1280 1915 pare
1302 1870 1355 1913 D)
1385 1871 1482 1906 libri.
1510 1872 1599 1906 ‘nisi
1624 1871 1844 1905 instructast

313 1926 487 1970 scriptum
512 1924 605 1967 fuit’
637 1924 868 1959 Ritsclzelius.
904 1926 948 1967 cf.
980 1924 1130 1959 Olsenus
1156 1935 1195 1968 p.
1223 1927 1276 1958 28
1394 1928 1473 1958 374.
1504 1923 1582 1965 Que
1607 1924 1645 1958 D
1755 1934 1840 1958 con-

314 1979 419 2012 tinuo
447 1988 511 2011 om.
541 1978 575 2010 Z
678 1981 756 2012 375.
783 1976 862 2021 Ego
889 1989 933 2011 ne
961 1977 997 2010 B
1092 1977 1186 2011 haec
1214 1976 1387 2011 conclusa
1414 1977 1459 2012 B.
1488 1978 1580 2012 haec
1606 1976 1772 2012 conclusi
1801 1975 1838 2010 O.

316 2031 420 2065 clusa
445 2030 573 2064 DFZ
687 2030 896 2065 clanculum
923 2042 966 2064 cae
992 2029 1161 2065 clancula
1187 2029 1225 2063 D
1347 2033 1425 2063 376.
1453 2040 1521 2063 sua
1545 2029 1579 2063 Z
1685 2029 1842 2064 desidia-

316 2084 403 2119 bola
430 2086 477 2120 (et
496 2096 519 2117 u
538 2094 617 2127 sup.
641 2086 677 2127 o)
707 2084 753 2118 D.
782 2083 859 2118 desi
886 2082 1038 2118 diabula
1061 2083 1098 2118 (J.
1127 2082 1377 2127 dispoliabula
1397 2083 1554 2118 Nonius.
1583 2082 1843 2128 despoliabula

314 2138 443 2172 Dousa
596 2137 636 2172 V.
664 2140 746 2171 377.
774 2140 846 2171 375·
885 2147 959 2170 vion
987 2146 1089 2179 posse
1122 2138 1166 2172 ab
1200 2138 1316 2171 eodem
1347 2137 1500 2180 scriptos
1531 2147 1602 2171 esse
1634 2137 1698 2181 qui
1721 2147 1843 2171 versus

314 2193 398 2224 330.
427 2192 495 2223 381
523 2189 690 2224 scriberet
716 2190 868 2224 adiiciat
894 2189 1113 2224 Ritsclzclius
1210 2194 1289 2224 377.
1316 2191 1441 2224 tecum
1468 2189 1697 2224 Fritzschius
1722 2191 1743 2225 l.
1765 2200 1791 2224 s.
1812 2200 1839 2224 s.

311 2256 347 2288 p.
377 2246 398 2278 7
531 2243 681 2277 affectas
709 2243 742 2276 Z
765 2254 782 2277 e
807 2243 941 2277 Nonio.
969 2241 1139 2276 adflictas
1167 2243 1212 2277 B.
1247 2242 1388 2276 aflictas
1418 2241 1472 2276 0¹.
1506 2241 1664 2277 afflictas
1693 2242 1840 2284 G²DF,

316 2296 512 2340 Scioppius
538 2297 612 2330 lect.
642 2296 673 2329 V
690 2299 754 2339 15,
781 2296 978 2340 Lanyeiius
1000 2307 1037 2340 p.
1060 2299 1132 2329 166
1206 2299 1285 2330 378.
1312 2295 1503 2340 appellare
1532 2295 1571 2329 F
1641 2299 1720 2331 379.
1749 2296 1838 2341 mei]

316 2360 374 2384 me
400 2348 455 2383 D¹
489 2351 594 2392 (corr.
624 2348 712 2391 D2),
745 2350 831 2383 libri
862 2349 1050 2384 Prisciani
1081 2350 1154 2392 ferc
1186 2360 1304 2384 omncs
1442 2360 1560 2392 neque
1593 2351 1630 2383 te
1662 2349 1718 2384 tui
1745 2351 1799 2393 (te
1825 2362 1842 2383 c

315 2404 356 2437 tu
388 2413 476 2437 corr.
512 2402 563 2438 B)
604 2403 708 2445 libri,
753 2403 969 2437 Priscianus
1008 2403 1132 2447 priore
1170 2404 1253 2437 loco.
1293 2414 1412 2446 neque
1453 2401 1510 2437 tui
1547 2403 1584 2436 te
1624 2402 1842 2437 Priscianus

312 2456 508 2500 posteriorc
547 2456 632 2490 loco.
673 2466 790 2499 neque
828 2456 883 2489 tui
922 2456 985 2490 ted
1024 2456 1278 2491 Fleclseisenus
1321 2467 1400 2490 cum
1445 2456 1602 2500 Berykio
1644 2458 1772 2501 opusc.
1816 2456 1844 2489 I

311 2520 349 2553 p.
378 2511 433 2543 35.
466 2508 504 2541 te
540 2519 656 2551 neque
688 2508 742 2541 tui
775 2508 859 2542 olim
900 2508 1092 2553 Ussinyius
1235 2508 1407 2554 puditum
1441 2511 1474 2544 st
1504 2509 1551 2543 B.
1585 2509 1757 2554 puditum
1785 2511 1841 2543 est

314 2561 458 2605 reliqui,
486 2561 704 2595 Priscianus
770 2560 954 2605 factisque
983 2561 1065 2596 01).
1094 2562 1201 2597 factis
1228 2575 1269 2607 q,
1296 2563 1365 2597 ΒΚ·
1391 2574 1482 2597 corr.
1508 2562 1561 2596 Β2
1628 2566 1708 2597 380.
1735 2565 1839 2597 tuum

316 2615 402 2649 libri
511 2613 642 2648 adfinis
668 2614 713 2648 B.
741 2614 861 2648 affinis
890 2614 924 2648 Ο.
959 2614 1087 2649 affines
1116 2616 1152 2649 D
1163 2615 1241 2649 ΓΖ
1336 2619 1415 2650 381.
1448 2615 1526 2650 Tua
1551 2616 1592 2649 tu
1620 2615 1841 2650 Ritschclius

320 2668 459 2712 Proley.
485 2667 517 2701 Τ
513 2668 584 2701 riri.
601 2678 639 2711 p.
658 2666 802 2702 CCIII.
826 2666 877 2700 De
894 2670 958 2702 tua
974 2669 1139 2711 placebat
1156 2668 1373 2704 Camerario.
1394 2669 1496 2704 Tuad
1512 2669 1734 2704 Ritschclius
1746 2669 1840 2703 Nov.

316 2732 388 2756 cxc,
405 2732 442 2765 p.
459 2724 526 2755 6⁴8.-
546 2722 591 2763 cf.
614 2720 802 2755 Mahlerus
815 2731 853 2763 p.
876 2723 933 2755 18.
954 2722 1094 2755 hiatum
1114 2725 1283 2756 tutantur
1303 2733 1381 2757 cum
1402 2723 1471 2757 alii
1492 2726 1568 2756 tum
1582 2722 1841 2757 Lcicltmannus

316 2776 357 2808 iii
382 2775 490 2808 Lucr.
514 2786 552 2819 p.
579 2776 654 2809 200
727 2772 848 2816 geruli
873 2773 1005 2817 figulos
1026 2775 1154 2809 1301).
1182 2775 1440 2819 feruligerulos
1467 2775 1648 2820 Bcrykius
1669 2776 1798 2819 Opusc.
1814 2775 1843 2809 I

310 2839 347 2871 p.
371 2831 417 2861 36
438 2825 752 2872 ναρθηκοφόρους
771 2827 1030 2870 interpretatus
1102 2827 1236 2871 flagitii
1257 2830 1343 2863 libri
1417 2832 1496 2863 382.
1519 2828 1735 2873 priusquam
1765 2827 1796 2862 Ο

316 2881 455 2914 malum
475 2882 569 2915 istoc
591 2881 835 2915 Hei-mannus.
864 2879 1003 2913 malum
1023 2879 1115 2914 istoc:
1137 2880 1356 2916 Bitscliclius
1429 2881 1509 2917 adis
1531 2882 1572 2916 Z.
1600 2881 1706 2915 addis
1732 2882 1841 2915 etiam

316 2935 416 2969 codd.
434 2935 586 2979 Pyladis
659 2935 800 2969 certum
815 2936 850 2968 st
869 2933 914 2967 B.
937 2934 1076 2968 certum
1092 2935 1147 2968 est
1167 2935 1298 2978 reliqui
1372 2939 1451 2969 383.
1475 2936 1588 2970 Deme
1609 2933 1691 2968 BD
1763 2934 1838 2968 cul-

316 2998 402 3031 pam
416 2989 512 3022 hanc
527 2988 561 3021 Z
632 2987 854 3032 demolibor]
872 2986 998 3021 demo:
1020 2986 1114 3022 libet
1127 2986 1173 3021 F.
1196 2986 1313 3022 demo.
1330 2988 1391 3023 ibo
1405 2988 1439 3022 Z
1515 2991 1593 3022 384.
1618 2987 1666 3022 Vt
1684 2982 1839 3033 gnatum

1934 2988 1939 3026 w-
1932 2683 1946 2791 ’,ψ-γ,
1934 2624 1936 2640 ,
1936 2513 1946 2546 ,-
1936 2386 1946 2491 effi„
1937 2328 1946 2351 ,,
1938 2189 1946 2250 ,-,
1939 2104 1946 2140 ,,
1940 1971 1946 2030 -
1941 1897 1946 1909 ,
1942 1793 1946 1810 -
1944 1538 1946 1591 -

1930 2785 1946 3175 *δώ

1926 3117 1946 3344 ffi—
